total_timestamp;timestamp;buyer;seller;symbol;currency;price;quantity;day
0;0;;;AMETHYSTS;SEASHELLS;9996.0;1;-2
0;0;;;STARFRUIT;SEASHELLS;5003.0;1;-2
0;0;;;AMETHYSTS;SEASHELLS;9996.0;1;-2
100;100;;;STARFRUIT;SEASHELLS;5004.0;6;-2
900;900;;;STARFRUIT;SEASHELLS;5001.0;2;-2
1000;1000;;;STARFRUIT;SEASHELLS;4997.0;2;-2
1100;1100;;;STARFRUIT;SEASHELLS;4997.0;1;-2
1500;1500;;;STARFRUIT;SEASHELLS;5003.0;1;-2
1500;1500;;;AMETHYSTS;SEASHELLS;10004.0;1;-2
1800;1800;;;STARFRUIT;SEASHELLS;5001.0;10;-2
1800;1800;;;STARFRUIT;SEASHELLS;5001.0;1;-2
1800;1800;;;STARFRUIT;SEASHELLS;5002.0;1;-2
2000;2000;;;STARFRUIT;SEASHELLS;5002.0;1;-2
2100;2100;;;STARFRUIT;SEASHELLS;5001.0;4;-2
2500;2500;;;AMETHYSTS;SEASHELLS;9998.0;1;-2
2500;2500;;;STARFRUIT;SEASHELLS;4996.0;11;-2
3200;3200;;;AMETHYSTS;SEASHELLS;9996.0;1;-2
3200;3200;;;STARFRUIT;SEASHELLS;4996.0;1;-2
3300;3300;;;STARFRUIT;SEASHELLS;4997.0;2;-2
3300;3300;;;AMETHYSTS;SEASHELLS;9995.0;2;-2
3600;3600;;;AMETHYSTS;SEASHELLS;10005.0;6;-2
3900;3900;;;STARFRUIT;SEASHELLS;5002.0;1;-2
4000;4000;;;AMETHYSTS;SEASHELLS;9998.0;1;-2
4200;4200;;;AMETHYSTS;SEASHELLS;10004.0;2;-2
4200;4200;;;AMETHYSTS;SEASHELLS;10004.0;1;-2
4200;4200;;;STARFRUIT;SEASHELLS;4998.0;1;-2
4400;4400;;;STARFRUIT;SEASHELLS;5002.0;2;-2
4500;4500;;;STARFRUIT;SEASHELLS;4997.0;8;-2
4500;4500;;;STARFRUIT;SEASHELLS;4997.0;1;-2
5800;5800;;;STARFRUIT;SEASHELLS;4999.0;7;-2
6500;6500;;;STARFRUIT;SEASHELLS;5000.0;5;-2
6600;6600;;;STARFRUIT;SEASHELLS;4999.0;1;-2
6700;6700;;;AMETHYSTS;SEASHELLS;9998.0;2;-2
6700;6700;;;STARFRUIT;SEASHELLS;4998.0;2;-2
6700;6700;;;STARFRUIT;SEASHELLS;4999.0;4;-2
7100;7100;;;STARFRUIT;SEASHELLS;4999.0;5;-2
7200;7200;;;STARFRUIT;SEASHELLS;5005.0;4;-2
7300;7300;;;STARFRUIT;SEASHELLS;4998.0;1;-2
7400;7400;;;STARFRUIT;SEASHELLS;5005.0;1;-2
7400;7400;;;AMETHYSTS;SEASHELLS;10002.0;1;-2
7400;7400;;;STARFRUIT;SEASHELLS;5003.0;1;-2
7500;7500;;;AMETHYSTS;SEASHELLS;10002.0;1;-2
7800;7800;;;STARFRUIT;SEASHELLS;5002.0;1;-2
7800;7800;;;STARFRUIT;SEASHELLS;5002.0;1;-2
8600;8600;;;STARFRUIT;SEASHELLS;5004.0;1;-2
8600;8600;;;AMETHYSTS;SEASHELLS;10002.0;1;-2
8700;8700;;;STARFRUIT;SEASHELLS;5002.0;9;-2
8700;8700;;;STARFRUIT;SEASHELLS;5004.0;2;-2
8700;8700;;;AMETHYSTS;SEASHELLS;10002.0;2;-2
8800;8800;;;STARFRUIT;SEASHELLS;5003.0;1;-2
8800;8800;;;AMETHYSTS;SEASHELLS;10002.0;1;-2
9600;9600;;;AMETHYSTS;SEASHELLS;10000.0;3;-2
10100;10100;;;AMETHYSTS;SEASHELLS;9998.0;1;-2
10200;10200;;;STARFRUIT;SEASHELLS;4996.0;1;-2
10200;10200;;;AMETHYSTS;SEASHELLS;9996.0;1;-2
11100;11100;;;AMETHYSTS;SEASHELLS;10005.0;2;-2
11100;11100;;;STARFRUIT;SEASHELLS;5005.0;12;-2
11100;11100;;;STARFRUIT;SEASHELLS;5005.0;2;-2
11300;11300;;;STARFRUIT;SEASHELLS;4998.0;1;-2
11400;11400;;;STARFRUIT;SEASHELLS;4997.0;1;-2
12000;12000;;;STARFRUIT;SEASHELLS;4999.0;2;-2
12000;12000;;;STARFRUIT;SEASHELLS;4999.0;2;-2
13000;13000;;;STARFRUIT;SEASHELLS;5001.0;2;-2
13000;13000;;;AMETHYSTS;SEASHELLS;9998.0;1;-2
13500;13500;;;STARFRUIT;SEASHELLS;4998.0;1;-2
13600;13600;;;AMETHYSTS;SEASHELLS;9998.0;1;-2
13900;13900;;;STARFRUIT;SEASHELLS;4998.0;2;-2
13900;13900;;;AMETHYSTS;SEASHELLS;9996.0;1;-2
13900;13900;;;AMETHYSTS;SEASHELLS;9996.0;1;-2
14000;14000;;;AMETHYSTS;SEASHELLS;10005.0;7;-2
14300;14300;;;STARFRUIT;SEASHELLS;4998.0;1;-2
15000;15000;;;STARFRUIT;SEASHELLS;4998.0;1;-2
15100;15100;;;AMETHYSTS;SEASHELLS;10005.0;4;-2
15400;15400;;;AMETHYSTS;SEASHELLS;10002.0;5;-2
16400;16400;;;STARFRUIT;SEASHELLS;4998.0;6;-2
17000;17000;;;STARFRUIT;SEASHELLS;5003.0;9;-2
17200;17200;;;STARFRUIT;SEASHELLS;4996.0;1;-2
17300;17300;;;AMETHYSTS;SEASHELLS;10002.0;1;-2
17400;17400;;;STARFRUIT;SEASHELLS;5003.0;10;-2
18000;18000;;;STARFRUIT;SEASHELLS;5002.0;4;-2
18100;18100;;;STARFRUIT;SEASHELLS;4996.0;1;-2
18200;18200;;;AMETHYSTS;SEASHELLS;9998.0;1;-2
18200;18200;;;STARFRUIT;SEASHELLS;4996.0;8;-2
18300;18300;;;AMETHYSTS;SEASHELLS;10005.0;2;-2
18300;18300;;;AMETHYSTS;SEASHELLS;9998.0;1;-2
18300;18300;;;STARFRUIT;SEASHELLS;5000.0;2;-2
18500;18500;;;AMETHYSTS;SEASHELLS;10005.0;5;-2
18600;18600;;;STARFRUIT;SEASHELLS;4996.0;1;-2
19200;19200;;;STARFRUIT;SEASHELLS;4996.0;1;-2
19400;19400;;;STARFRUIT;SEASHELLS;4996.0;1;-2
19500;19500;;;AMETHYSTS;SEASHELLS;10002.0;1;-2
19600;19600;;;AMETHYSTS;SEASHELLS;10002.0;1;-2
19900;19900;;;AMETHYSTS;SEASHELLS;10002.0;1;-2
20200;20200;;;AMETHYSTS;SEASHELLS;10002.0;1;-2
20300;20300;;;STARFRUIT;SEASHELLS;5002.0;1;-2
20600;20600;;;AMETHYSTS;SEASHELLS;9998.0;1;-2
20600;20600;;;AMETHYSTS;SEASHELLS;9995.0;9;-2
20900;20900;;;STARFRUIT;SEASHELLS;5002.0;1;-2
20900;20900;;;AMETHYSTS;SEASHELLS;9998.0;1;-2
21300;21300;;;AMETHYSTS;SEASHELLS;10002.0;1;-2
21300;21300;;;STARFRUIT;SEASHELLS;5002.0;1;-2
21400;21400;;;STARFRUIT;SEASHELLS;5001.0;1;-2
21800;21800;;;STARFRUIT;SEASHELLS;5001.0;1;-2
22300;22300;;;STARFRUIT;SEASHELLS;4997.0;1;-2
22700;22700;;;AMETHYSTS;SEASHELLS;9998.0;1;-2
22900;22900;;;STARFRUIT;SEASHELLS;4998.0;2;-2
23000;23000;;;AMETHYSTS;SEASHELLS;9998.0;4;-2
23100;23100;;;STARFRUIT;SEASHELLS;5001.0;1;-2
23300;23300;;;AMETHYSTS;SEASHELLS;9998.0;2;-2
23900;23900;;;AMETHYSTS;SEASHELLS;9998.0;3;-2
23900;23900;;;AMETHYSTS;SEASHELLS;9995.0;8;-2
24000;24000;;;STARFRUIT;SEASHELLS;5001.0;3;-2
24200;24200;;;STARFRUIT;SEASHELLS;4996.0;5;-2
24300;24300;;;AMETHYSTS;SEASHELLS;10002.0;1;-2
24500;24500;;;STARFRUIT;SEASHELLS;5002.0;1;-2
24600;24600;;;AMETHYSTS;SEASHELLS;9996.0;2;-2
24600;24600;;;AMETHYSTS;SEASHELLS;9996.0;2;-2
24700;24700;;;STARFRUIT;SEASHELLS;5001.0;6;-2
25100;25100;;;STARFRUIT;SEASHELLS;5001.0;1;-2
25100;25100;;;AMETHYSTS;SEASHELLS;10002.0;1;-2
25400;25400;;;STARFRUIT;SEASHELLS;4995.0;7;-2
25600;25600;;;STARFRUIT;SEASHELLS;4999.0;2;-2
25600;25600;;;AMETHYSTS;SEASHELLS;10004.0;2;-2
25700;25700;;;AMETHYSTS;SEASHELLS;10002.0;3;-2
25700;25700;;;AMETHYSTS;SEASHELLS;10002.0;8;-2
26300;26300;;;STARFRUIT;SEASHELLS;4994.0;1;-2
26400;26400;;;STARFRUIT;SEASHELLS;4994.0;1;-2
26400;26400;;;AMETHYSTS;SEASHELLS;10005.0;9;-2
26700;26700;;;STARFRUIT;SEASHELLS;4998.0;1;-2
27000;27000;;;AMETHYSTS;SEASHELLS;10002.0;1;-2
27000;27000;;;STARFRUIT;SEASHELLS;4993.0;4;-2
27200;27200;;;STARFRUIT;SEASHELLS;4991.0;1;-2
27300;27300;;;STARFRUIT;SEASHELLS;4998.0;11;-2
27700;27700;;;AMETHYSTS;SEASHELLS;9998.0;3;-2
27700;27700;;;AMETHYSTS;SEASHELLS;9998.0;1;-2
27900;27900;;;AMETHYSTS;SEASHELLS;10002.0;4;-2
28000;28000;;;STARFRUIT;SEASHELLS;4999.0;1;-2
28000;28000;;;AMETHYSTS;SEASHELLS;10005.0;1;-2
28300;28300;;;STARFRUIT;SEASHELLS;4997.0;1;-2
28300;28300;;;AMETHYSTS;SEASHELLS;9998.0;2;-2
28300;28300;;;AMETHYSTS;SEASHELLS;9998.0;1;-2
28600;28600;;;AMETHYSTS;SEASHELLS;9998.0;1;-2
29400;29400;;;AMETHYSTS;SEASHELLS;10005.0;2;-2
29400;29400;;;STARFRUIT;SEASHELLS;4998.0;2;-2
29500;29500;;;AMETHYSTS;SEASHELLS;9998.0;3;-2
29500;29500;;;AMETHYSTS;SEASHELLS;9998.0;2;-2
29900;29900;;;STARFRUIT;SEASHELLS;4995.0;1;-2
30300;30300;;;STARFRUIT;SEASHELLS;4996.0;1;-2
30400;30400;;;STARFRUIT;SEASHELLS;4991.0;1;-2
30400;30400;;;AMETHYSTS;SEASHELLS;10004.0;1;-2
30400;30400;;;AMETHYSTS;SEASHELLS;10004.0;6;-2
30900;30900;;;STARFRUIT;SEASHELLS;4992.0;1;-2
31000;31000;;;AMETHYSTS;SEASHELLS;9996.0;1;-2
31000;31000;;;STARFRUIT;SEASHELLS;4992.0;1;-2
31200;31200;;;STARFRUIT;SEASHELLS;4992.0;1;-2
31300;31300;;;STARFRUIT;SEASHELLS;4997.0;1;-2
31300;31300;;;AMETHYSTS;SEASHELLS;9998.0;1;-2
31400;31400;;;STARFRUIT;SEASHELLS;4999.0;4;-2
31600;31600;;;AMETHYSTS;SEASHELLS;10002.0;3;-2
31800;31800;;;AMETHYSTS;SEASHELLS;10002.0;1;-2
32100;32100;;;STARFRUIT;SEASHELLS;4991.0;1;-2
32100;32100;;;AMETHYSTS;SEASHELLS;10002.0;4;-2
32500;32500;;;AMETHYSTS;SEASHELLS;10002.0;1;-2
32700;32700;;;STARFRUIT;SEASHELLS;4996.0;1;-2
32800;32800;;;STARFRUIT;SEASHELLS;4990.0;2;-2
32800;32800;;;STARFRUIT;SEASHELLS;4991.0;2;-2
32800;32800;;;AMETHYSTS;SEASHELLS;9995.0;2;-2
32800;32800;;;AMETHYSTS;SEASHELLS;9996.0;2;-2
33200;33200;;;STARFRUIT;SEASHELLS;4990.0;1;-2
33300;33300;;;STARFRUIT;SEASHELLS;4995.0;1;-2
33300;33300;;;STARFRUIT;SEASHELLS;4991.0;8;-2
33500;33500;;;AMETHYSTS;SEASHELLS;10002.0;3;-2
33900;33900;;;STARFRUIT;SEASHELLS;4995.0;1;-2
34000;34000;;;STARFRUIT;SEASHELLS;4995.0;1;-2
34000;34000;;;AMETHYSTS;SEASHELLS;9998.0;1;-2
34100;34100;;;AMETHYSTS;SEASHELLS;10002.0;1;-2
35000;35000;;;STARFRUIT;SEASHELLS;4993.0;4;-2
35300;35300;;;STARFRUIT;SEASHELLS;4993.0;1;-2
35600;35600;;;AMETHYSTS;SEASHELLS;10002.0;1;-2
35800;35800;;;STARFRUIT;SEASHELLS;4993.0;1;-2
36200;36200;;;STARFRUIT;SEASHELLS;4994.0;3;-2
36300;36300;;;STARFRUIT;SEASHELLS;4999.0;1;-2
36300;36300;;;AMETHYSTS;SEASHELLS;10005.0;1;-2
36500;36500;;;AMETHYSTS;SEASHELLS;10005.0;4;-2
36800;36800;;;STARFRUIT;SEASHELLS;4993.0;1;-2
37200;37200;;;STARFRUIT;SEASHELLS;4998.0;10;-2
37400;37400;;;AMETHYSTS;SEASHELLS;10002.0;1;-2
37900;37900;;;AMETHYSTS;SEASHELLS;9995.0;4;-2
38000;38000;;;STARFRUIT;SEASHELLS;4991.0;11;-2
38400;38400;;;AMETHYSTS;SEASHELLS;10004.0;2;-2
38500;38500;;;AMETHYSTS;SEASHELLS;10002.0;6;-2
38500;38500;;;STARFRUIT;SEASHELLS;4996.0;1;-2
38800;38800;;;STARFRUIT;SEASHELLS;4993.0;5;-2
38900;38900;;;STARFRUIT;SEASHELLS;4991.0;2;-2
38900;38900;;;AMETHYSTS;SEASHELLS;9995.0;2;-2
39100;39100;;;AMETHYSTS;SEASHELLS;10002.0;5;-2
39300;39300;;;STARFRUIT;SEASHELLS;4993.0;1;-2
39300;39300;;;AMETHYSTS;SEASHELLS;9996.0;1;-2
39400;39400;;;STARFRUIT;SEASHELLS;4993.0;1;-2
39500;39500;;;STARFRUIT;SEASHELLS;4998.0;1;-2
39800;39800;;;STARFRUIT;SEASHELLS;4993.0;4;-2
40100;40100;;;STARFRUIT;SEASHELLS;4992.0;1;-2
40200;40200;;;STARFRUIT;SEASHELLS;4997.0;5;-2
40300;40300;;;STARFRUIT;SEASHELLS;4994.0;2;-2
40600;40600;;;STARFRUIT;SEASHELLS;4992.0;1;-2
40700;40700;;;STARFRUIT;SEASHELLS;4996.0;3;-2
40900;40900;;;STARFRUIT;SEASHELLS;4992.0;3;-2
41100;41100;;;STARFRUIT;SEASHELLS;4991.0;1;-2
41100;41100;;;STARFRUIT;SEASHELLS;4995.0;9;-2
41500;41500;;;AMETHYSTS;SEASHELLS;10002.0;1;-2
41500;41500;;;AMETHYSTS;SEASHELLS;10000.0;2;-2
41600;41600;;;AMETHYSTS;SEASHELLS;9995.0;1;-2
41600;41600;;;STARFRUIT;SEASHELLS;4990.0;1;-2
42900;42900;;;AMETHYSTS;SEASHELLS;10002.0;1;-2
42900;42900;;;STARFRUIT;SEASHELLS;4993.0;1;-2
43100;43100;;;STARFRUIT;SEASHELLS;4994.0;2;-2
43100;43100;;;STARFRUIT;SEASHELLS;4989.0;14;-2
43100;43100;;;AMETHYSTS;SEASHELLS;10005.0;2;-2
43400;43400;;;AMETHYSTS;SEASHELLS;10002.0;1;-2
43500;43500;;;STARFRUIT;SEASHELLS;4990.0;1;-2
43700;43700;;;AMETHYSTS;SEASHELLS;9998.0;1;-2
43900;43900;;;STARFRUIT;SEASHELLS;4990.0;1;-2
43900;43900;;;STARFRUIT;SEASHELLS;4997.0;2;-2
43900;43900;;;AMETHYSTS;SEASHELLS;10004.0;2;-2
44000;44000;;;AMETHYSTS;SEASHELLS;9998.0;1;-2
44700;44700;;;STARFRUIT;SEASHELLS;4995.0;1;-2
44800;44800;;;AMETHYSTS;SEASHELLS;9996.0;1;-2
45100;45100;;;STARFRUIT;SEASHELLS;4988.0;1;-2
45100;45100;;;AMETHYSTS;SEASHELLS;9996.0;1;-2
45800;45800;;;AMETHYSTS;SEASHELLS;9996.0;1;-2
45800;45800;;;AMETHYSTS;SEASHELLS;9996.0;10;-2
46200;46200;;;AMETHYSTS;SEASHELLS;9998.0;1;-2
46300;46300;;;AMETHYSTS;SEASHELLS;9995.0;1;-2
46300;46300;;;STARFRUIT;SEASHELLS;4987.0;1;-2
46800;46800;;;AMETHYSTS;SEASHELLS;9996.0;1;-2
46800;46800;;;STARFRUIT;SEASHELLS;4987.0;1;-2
46800;46800;;;STARFRUIT;SEASHELLS;4986.0;2;-2
47200;47200;;;STARFRUIT;SEASHELLS;4992.0;1;-2
47300;47300;;;STARFRUIT;SEASHELLS;4988.0;2;-2
47700;47700;;;STARFRUIT;SEASHELLS;4988.0;1;-2
48300;48300;;;STARFRUIT;SEASHELLS;4988.0;1;-2
48300;48300;;;AMETHYSTS;SEASHELLS;9995.0;1;-2
48600;48600;;;AMETHYSTS;SEASHELLS;10004.0;1;-2
48600;48600;;;STARFRUIT;SEASHELLS;4989.0;1;-2
48600;48600;;;STARFRUIT;SEASHELLS;4994.0;1;-2
48900;48900;;;STARFRUIT;SEASHELLS;4988.0;1;-2
49300;49300;;;STARFRUIT;SEASHELLS;4994.0;1;-2
49300;49300;;;AMETHYSTS;SEASHELLS;10005.0;1;-2
49700;49700;;;STARFRUIT;SEASHELLS;4988.0;2;-2
49700;49700;;;AMETHYSTS;SEASHELLS;9995.0;2;-2
49900;49900;;;STARFRUIT;SEASHELLS;4986.0;1;-2
50000;50000;;;STARFRUIT;SEASHELLS;4986.0;5;-2
50200;50200;;;STARFRUIT;SEASHELLS;4986.0;1;-2
50200;50200;;;AMETHYSTS;SEASHELLS;9996.0;1;-2
50300;50300;;;STARFRUIT;SEASHELLS;4986.0;1;-2
50400;50400;;;AMETHYSTS;SEASHELLS;9996.0;2;-2
50400;50400;;;STARFRUIT;SEASHELLS;4986.0;2;-2
50900;50900;;;AMETHYSTS;SEASHELLS;9996.0;2;-2
51000;51000;;;AMETHYSTS;SEASHELLS;9998.0;1;-2
51000;51000;;;STARFRUIT;SEASHELLS;4986.0;1;-2
51300;51300;;;STARFRUIT;SEASHELLS;4990.0;1;-2
51600;51600;;;AMETHYSTS;SEASHELLS;10002.0;1;-2
51600;51600;;;STARFRUIT;SEASHELLS;4990.0;1;-2
51900;51900;;;AMETHYSTS;SEASHELLS;10002.0;2;-2
52000;52000;;;AMETHYSTS;SEASHELLS;9998.0;2;-2
52200;52200;;;STARFRUIT;SEASHELLS;4985.0;1;-2
52300;52300;;;STARFRUIT;SEASHELLS;4985.0;1;-2
52700;52700;;;AMETHYSTS;SEASHELLS;10002.0;3;-2
53000;53000;;;AMETHYSTS;SEASHELLS;9998.0;1;-2
53200;53200;;;AMETHYSTS;SEASHELLS;10002.0;1;-2
53300;53300;;;AMETHYSTS;SEASHELLS;9998.0;2;-2
53600;53600;;;AMETHYSTS;SEASHELLS;9998.0;1;-2
53600;53600;;;STARFRUIT;SEASHELLS;4985.0;1;-2
53700;53700;;;STARFRUIT;SEASHELLS;4992.0;2;-2
53700;53700;;;AMETHYSTS;SEASHELLS;10004.0;2;-2
53900;53900;;;AMETHYSTS;SEASHELLS;10002.0;1;-2
54300;54300;;;STARFRUIT;SEASHELLS;4986.0;11;-2
54300;54300;;;AMETHYSTS;SEASHELLS;9998.0;1;-2
54600;54600;;;AMETHYSTS;SEASHELLS;9996.0;1;-2
54600;54600;;;AMETHYSTS;SEASHELLS;9996.0;5;-2
54600;54600;;;STARFRUIT;SEASHELLS;4986.0;1;-2
54700;54700;;;STARFRUIT;SEASHELLS;4990.0;1;-2
54900;54900;;;AMETHYSTS;SEASHELLS;10002.0;3;-2
55200;55200;;;STARFRUIT;SEASHELLS;4989.0;1;-2
56100;56100;;;STARFRUIT;SEASHELLS;4990.0;14;-2
56100;56100;;;STARFRUIT;SEASHELLS;4990.0;1;-2
56100;56100;;;AMETHYSTS;SEASHELLS;10004.0;1;-2
56300;56300;;;STARFRUIT;SEASHELLS;4983.0;1;-2
56500;56500;;;STARFRUIT;SEASHELLS;4982.0;1;-2
56500;56500;;;AMETHYSTS;SEASHELLS;9998.0;1;-2
56700;56700;;;AMETHYSTS;SEASHELLS;10002.0;1;-2
57000;57000;;;AMETHYSTS;SEASHELLS;10004.0;1;-2
57000;57000;;;STARFRUIT;SEASHELLS;4989.0;1;-2
57100;57100;;;AMETHYSTS;SEASHELLS;10002.0;1;-2
57100;57100;;;STARFRUIT;SEASHELLS;4985.0;3;-2
57200;57200;;;STARFRUIT;SEASHELLS;4985.0;4;-2
57200;57200;;;AMETHYSTS;SEASHELLS;10002.0;1;-2
57300;57300;;;AMETHYSTS;SEASHELLS;10002.0;1;-2
57400;57400;;;STARFRUIT;SEASHELLS;4990.0;1;-2
57700;57700;;;AMETHYSTS;SEASHELLS;10002.0;2;-2
57700;57700;;;STARFRUIT;SEASHELLS;4985.0;2;-2
57800;57800;;;STARFRUIT;SEASHELLS;4984.0;1;-2
58300;58300;;;STARFRUIT;SEASHELLS;4988.0;1;-2
58400;58400;;;AMETHYSTS;SEASHELLS;9996.0;1;-2
58600;58600;;;AMETHYSTS;SEASHELLS;9998.0;1;-2
58800;58800;;;STARFRUIT;SEASHELLS;4982.0;5;-2
58800;58800;;;STARFRUIT;SEASHELLS;4983.0;1;-2
59000;59000;;;STARFRUIT;SEASHELLS;4991.0;10;-2
59500;59500;;;AMETHYSTS;SEASHELLS;10005.0;4;-2
59700;59700;;;AMETHYSTS;SEASHELLS;10002.0;6;-2
59800;59800;;;STARFRUIT;SEASHELLS;4985.0;5;-2
59900;59900;;;STARFRUIT;SEASHELLS;4983.0;1;-2
60000;60000;;;STARFRUIT;SEASHELLS;4987.0;1;-2
60200;60200;;;AMETHYSTS;SEASHELLS;9996.0;1;-2
60200;60200;;;AMETHYSTS;SEASHELLS;9996.0;1;-2
60200;60200;;;STARFRUIT;SEASHELLS;4983.0;1;-2
60200;60200;;;STARFRUIT;SEASHELLS;4983.0;1;-2
60300;60300;;;AMETHYSTS;SEASHELLS;9996.0;6;-2
60300;60300;;;AMETHYSTS;SEASHELLS;9996.0;2;-2
60400;60400;;;AMETHYSTS;SEASHELLS;9998.0;1;-2
60500;60500;;;STARFRUIT;SEASHELLS;4985.0;3;-2
60500;60500;;;AMETHYSTS;SEASHELLS;9998.0;1;-2
60600;60600;;;STARFRUIT;SEASHELLS;4984.0;1;-2
61100;61100;;;STARFRUIT;SEASHELLS;4990.0;2;-2
61100;61100;;;AMETHYSTS;SEASHELLS;10002.0;1;-2
61100;61100;;;STARFRUIT;SEASHELLS;4987.0;5;-2
61100;61100;;;AMETHYSTS;SEASHELLS;10005.0;2;-2
61300;61300;;;STARFRUIT;SEASHELLS;4987.0;1;-2
62300;62300;;;AMETHYSTS;SEASHELLS;10004.0;1;-2
62300;62300;;;STARFRUIT;SEASHELLS;4987.0;1;-2
62600;62600;;;STARFRUIT;SEASHELLS;4984.0;1;-2
62900;62900;;;STARFRUIT;SEASHELLS;4989.0;6;-2
62900;62900;;;STARFRUIT;SEASHELLS;4989.0;1;-2
63000;63000;;;STARFRUIT;SEASHELLS;4986.0;6;-2
63000;63000;;;STARFRUIT;SEASHELLS;4984.0;1;-2
63000;63000;;;STARFRUIT;SEASHELLS;4984.0;9;-2
63200;63200;;;AMETHYSTS;SEASHELLS;9998.0;1;-2
63200;63200;;;STARFRUIT;SEASHELLS;4984.0;1;-2
63300;63300;;;STARFRUIT;SEASHELLS;4991.0;2;-2
63300;63300;;;AMETHYSTS;SEASHELLS;9998.0;1;-2
63500;63500;;;AMETHYSTS;SEASHELLS;9998.0;6;-2
63700;63700;;;AMETHYSTS;SEASHELLS;9996.0;1;-2
63800;63800;;;STARFRUIT;SEASHELLS;4983.0;1;-2
64200;64200;;;AMETHYSTS;SEASHELLS;9995.0;2;-2
64200;64200;;;STARFRUIT;SEASHELLS;4982.0;2;-2
64500;64500;;;STARFRUIT;SEASHELLS;4989.0;2;-2
64500;64500;;;AMETHYSTS;SEASHELLS;10005.0;2;-2
64500;64500;;;AMETHYSTS;SEASHELLS;10002.0;1;-2
64600;64600;;;STARFRUIT;SEASHELLS;4988.0;1;-2
64900;64900;;;AMETHYSTS;SEASHELLS;10005.0;2;-2
65300;65300;;;AMETHYSTS;SEASHELLS;9998.0;1;-2
65300;65300;;;AMETHYSTS;SEASHELLS;10000.0;2;-2
65400;65400;;;STARFRUIT;SEASHELLS;4983.0;1;-2
65500;65500;;;AMETHYSTS;SEASHELLS;9998.0;1;-2
65600;65600;;;AMETHYSTS;SEASHELLS;9995.0;1;-2
65600;65600;;;STARFRUIT;SEASHELLS;4983.0;1;-2
65800;65800;;;AMETHYSTS;SEASHELLS;9996.0;1;-2
65800;65800;;;STARFRUIT;SEASHELLS;4983.0;1;-2
65900;65900;;;AMETHYSTS;SEASHELLS;9998.0;1;-2
66000;66000;;;AMETHYSTS;SEASHELLS;9998.0;1;-2
66200;66200;;;STARFRUIT;SEASHELLS;4983.0;8;-2
66700;66700;;;AMETHYSTS;SEASHELLS;9998.0;2;-2
67000;67000;;;STARFRUIT;SEASHELLS;4984.0;1;-2
67200;67200;;;STARFRUIT;SEASHELLS;4989.0;1;-2
67400;67400;;;AMETHYSTS;SEASHELLS;9996.0;1;-2
67400;67400;;;STARFRUIT;SEASHELLS;4983.0;2;-2
67700;67700;;;STARFRUIT;SEASHELLS;4988.0;4;-2
67900;67900;;;STARFRUIT;SEASHELLS;4984.0;2;-2
67900;67900;;;AMETHYSTS;SEASHELLS;9998.0;2;-2
68000;68000;;;STARFRUIT;SEASHELLS;4984.0;1;-2
68000;68000;;;AMETHYSTS;SEASHELLS;10002.0;5;-2
68000;68000;;;AMETHYSTS;SEASHELLS;10005.0;3;-2
68100;68100;;;AMETHYSTS;SEASHELLS;10002.0;1;-2
68200;68200;;;STARFRUIT;SEASHELLS;4989.0;1;-2
68500;68500;;;AMETHYSTS;SEASHELLS;10002.0;1;-2
68600;68600;;;STARFRUIT;SEASHELLS;4985.0;1;-2
68900;68900;;;AMETHYSTS;SEASHELLS;10002.0;1;-2
68900;68900;;;STARFRUIT;SEASHELLS;4990.0;1;-2
69000;69000;;;STARFRUIT;SEASHELLS;4984.0;9;-2
69300;69300;;;STARFRUIT;SEASHELLS;4992.0;2;-2
69300;69300;;;AMETHYSTS;SEASHELLS;10005.0;2;-2
69400;69400;;;STARFRUIT;SEASHELLS;4991.0;1;-2
69600;69600;;;STARFRUIT;SEASHELLS;4986.0;1;-2
69600;69600;;;STARFRUIT;SEASHELLS;4986.0;8;-2
70400;70400;;;STARFRUIT;SEASHELLS;4985.0;0;-2
70400;70400;;;STARFRUIT;SEASHELLS;4985.0;1;-2
70400;70400;;;STARFRUIT;SEASHELLS;4985.0;7;-2
70400;70400;;;STARFRUIT;SEASHELLS;4985.0;1;-2
71400;71400;;;STARFRUIT;SEASHELLS;4984.0;1;-2
71600;71600;;;AMETHYSTS;SEASHELLS;9995.0;10;-2
72100;72100;;;STARFRUIT;SEASHELLS;4988.0;9;-2
72600;72600;;;STARFRUIT;SEASHELLS;4990.0;1;-2
73900;73900;;;STARFRUIT;SEASHELLS;4982.0;1;-2
74100;74100;;;AMETHYSTS;SEASHELLS;10002.0;1;-2
74400;74400;;;STARFRUIT;SEASHELLS;4987.0;1;-2
74400;74400;;;AMETHYSTS;SEASHELLS;10004.0;1;-2
74900;74900;;;AMETHYSTS;SEASHELLS;10002.0;1;-2
75000;75000;;;STARFRUIT;SEASHELLS;4981.0;9;-2
75000;75000;;;STARFRUIT;SEASHELLS;4981.0;10;-2
75200;75200;;;AMETHYSTS;SEASHELLS;9996.0;1;-2
75200;75200;;;STARFRUIT;SEASHELLS;4982.0;1;-2
75500;75500;;;STARFRUIT;SEASHELLS;4983.0;1;-2
76400;76400;;;AMETHYSTS;SEASHELLS;10002.0;1;-2
76400;76400;;;STARFRUIT;SEASHELLS;4984.0;1;-2
76400;76400;;;STARFRUIT;SEASHELLS;4987.0;3;-2
77400;77400;;;STARFRUIT;SEASHELLS;4987.0;6;-2
77700;77700;;;AMETHYSTS;SEASHELLS;9998.0;5;-2
77800;77800;;;STARFRUIT;SEASHELLS;4985.0;4;-2
77800;77800;;;STARFRUIT;SEASHELLS;4985.0;1;-2
78000;78000;;;AMETHYSTS;SEASHELLS;10002.0;2;-2
78100;78100;;;STARFRUIT;SEASHELLS;4989.0;1;-2
78300;78300;;;AMETHYSTS;SEASHELLS;9995.0;2;-2
78300;78300;;;STARFRUIT;SEASHELLS;4985.0;2;-2
78800;78800;;;STARFRUIT;SEASHELLS;4984.0;1;-2
79000;79000;;;AMETHYSTS;SEASHELLS;10005.0;2;-2
79000;79000;;;STARFRUIT;SEASHELLS;4989.0;1;-2
79000;79000;;;AMETHYSTS;SEASHELLS;10004.0;1;-2
79500;79500;;;AMETHYSTS;SEASHELLS;10002.0;1;-2
79800;79800;;;STARFRUIT;SEASHELLS;4983.0;4;-2
80100;80100;;;STARFRUIT;SEASHELLS;4986.0;1;-2
80300;80300;;;AMETHYSTS;SEASHELLS;10002.0;1;-2
80500;80500;;;STARFRUIT;SEASHELLS;4981.0;1;-2
80800;80800;;;AMETHYSTS;SEASHELLS;10002.0;1;-2
81300;81300;;;AMETHYSTS;SEASHELLS;9998.0;1;-2
81300;81300;;;STARFRUIT;SEASHELLS;4986.0;1;-2
81700;81700;;;AMETHYSTS;SEASHELLS;10002.0;1;-2
81800;81800;;;STARFRUIT;SEASHELLS;4981.0;1;-2
81800;81800;;;AMETHYSTS;SEASHELLS;9998.0;1;-2
81900;81900;;;STARFRUIT;SEASHELLS;4984.0;4;-2
82100;82100;;;STARFRUIT;SEASHELLS;4981.0;1;-2
82300;82300;;;AMETHYSTS;SEASHELLS;10004.0;1;-2
82400;82400;;;STARFRUIT;SEASHELLS;4983.0;4;-2
82600;82600;;;STARFRUIT;SEASHELLS;4981.0;1;-2
83200;83200;;;AMETHYSTS;SEASHELLS;9996.0;1;-2
83200;83200;;;AMETHYSTS;SEASHELLS;9996.0;1;-2
83200;83200;;;STARFRUIT;SEASHELLS;4982.0;2;-2
83300;83300;;;STARFRUIT;SEASHELLS;4982.0;15;-2
83400;83400;;;STARFRUIT;SEASHELLS;4987.0;3;-2
83700;83700;;;AMETHYSTS;SEASHELLS;10004.0;1;-2
84000;84000;;;STARFRUIT;SEASHELLS;4987.0;4;-2
84200;84200;;;STARFRUIT;SEASHELLS;4987.0;1;-2
84600;84600;;;STARFRUIT;SEASHELLS;4989.0;2;-2
84600;84600;;;AMETHYSTS;SEASHELLS;10004.0;2;-2
84700;84700;;;STARFRUIT;SEASHELLS;4988.0;1;-2
84800;84800;;;STARFRUIT;SEASHELLS;4989.0;1;-2
85000;85000;;;AMETHYSTS;SEASHELLS;9998.0;5;-2
85700;85700;;;AMETHYSTS;SEASHELLS;9995.0;2;-2
85700;85700;;;AMETHYSTS;SEASHELLS;10005.0;4;-2
85700;85700;;;STARFRUIT;SEASHELLS;4982.0;2;-2
85900;85900;;;AMETHYSTS;SEASHELLS;9998.0;2;-2
85900;85900;;;STARFRUIT;SEASHELLS;4983.0;1;-2
86000;86000;;;STARFRUIT;SEASHELLS;4989.0;1;-2
86000;86000;;;AMETHYSTS;SEASHELLS;10002.0;1;-2
86000;86000;;;STARFRUIT;SEASHELLS;4983.0;1;-2
86300;86300;;;STARFRUIT;SEASHELLS;4983.0;1;-2
86300;86300;;;AMETHYSTS;SEASHELLS;9998.0;1;-2
86500;86500;;;AMETHYSTS;SEASHELLS;10002.0;1;-2
87200;87200;;;STARFRUIT;SEASHELLS;4983.0;1;-2
87900;87900;;;AMETHYSTS;SEASHELLS;10002.0;4;-2
87900;87900;;;STARFRUIT;SEASHELLS;4987.0;10;-2
88300;88300;;;AMETHYSTS;SEASHELLS;10004.0;2;-2
88500;88500;;;AMETHYSTS;SEASHELLS;10002.0;5;-2
88500;88500;;;STARFRUIT;SEASHELLS;4985.0;10;-2
88600;88600;;;AMETHYSTS;SEASHELLS;9998.0;1;-2
88600;88600;;;STARFRUIT;SEASHELLS;4986.0;4;-2
88800;88800;;;STARFRUIT;SEASHELLS;4987.0;4;-2
88800;88800;;;STARFRUIT;SEASHELLS;4986.0;5;-2
88900;88900;;;STARFRUIT;SEASHELLS;4989.0;1;-2
89100;89100;;;STARFRUIT;SEASHELLS;4985.0;1;-2
89100;89100;;;STARFRUIT;SEASHELLS;4985.0;2;-2
89400;89400;;;STARFRUIT;SEASHELLS;4990.0;1;-2
89400;89400;;;STARFRUIT;SEASHELLS;4989.0;3;-2
90000;90000;;;STARFRUIT;SEASHELLS;4984.0;1;-2
90100;90100;;;AMETHYSTS;SEASHELLS;10004.0;1;-2
90100;90100;;;STARFRUIT;SEASHELLS;4990.0;1;-2
90200;90200;;;STARFRUIT;SEASHELLS;4982.0;4;-2
90700;90700;;;AMETHYSTS;SEASHELLS;10002.0;6;-2
90800;90800;;;STARFRUIT;SEASHELLS;4987.0;3;-2
91000;91000;;;AMETHYSTS;SEASHELLS;9998.0;1;-2
91000;91000;;;STARFRUIT;SEASHELLS;4985.0;1;-2
91400;91400;;;AMETHYSTS;SEASHELLS;10002.0;1;-2
91500;91500;;;STARFRUIT;SEASHELLS;4990.0;1;-2
91900;91900;;;AMETHYSTS;SEASHELLS;10002.0;1;-2
91900;91900;;;STARFRUIT;SEASHELLS;4986.0;1;-2
92300;92300;;;STARFRUIT;SEASHELLS;4987.0;1;-2
92300;92300;;;AMETHYSTS;SEASHELLS;9996.0;1;-2
92400;92400;;;STARFRUIT;SEASHELLS;4991.0;2;-2
92500;92500;;;STARFRUIT;SEASHELLS;4986.0;1;-2
93000;93000;;;AMETHYSTS;SEASHELLS;10002.0;1;-2
93100;93100;;;AMETHYSTS;SEASHELLS;9998.0;1;-2
93100;93100;;;STARFRUIT;SEASHELLS;4990.0;2;-2
93100;93100;;;STARFRUIT;SEASHELLS;4990.0;2;-2
93300;93300;;;AMETHYSTS;SEASHELLS;9998.0;1;-2
93300;93300;;;STARFRUIT;SEASHELLS;4986.0;1;-2
93500;93500;;;AMETHYSTS;SEASHELLS;9998.0;1;-2
93700;93700;;;AMETHYSTS;SEASHELLS;10002.0;1;-2
93900;93900;;;AMETHYSTS;SEASHELLS;9998.0;1;-2
94300;94300;;;STARFRUIT;SEASHELLS;4985.0;1;-2
94700;94700;;;AMETHYSTS;SEASHELLS;9996.0;9;-2
94700;94700;;;AMETHYSTS;SEASHELLS;9996.0;2;-2
94800;94800;;;AMETHYSTS;SEASHELLS;10002.0;4;-2
95100;95100;;;STARFRUIT;SEASHELLS;4985.0;2;-2
95100;95100;;;AMETHYSTS;SEASHELLS;9996.0;2;-2
95300;95300;;;AMETHYSTS;SEASHELLS;10002.0;1;-2
95300;95300;;;STARFRUIT;SEASHELLS;4987.0;1;-2
95600;95600;;;STARFRUIT;SEASHELLS;4991.0;1;-2
95800;95800;;;STARFRUIT;SEASHELLS;4986.0;1;-2
95900;95900;;;AMETHYSTS;SEASHELLS;10002.0;3;-2
95900;95900;;;STARFRUIT;SEASHELLS;4991.0;1;-2
95900;95900;;;AMETHYSTS;SEASHELLS;10002.0;5;-2
96100;96100;;;STARFRUIT;SEASHELLS;4986.0;1;-2
96100;96100;;;AMETHYSTS;SEASHELLS;9995.0;1;-2
96200;96200;;;STARFRUIT;SEASHELLS;4986.0;1;-2
96400;96400;;;STARFRUIT;SEASHELLS;4986.0;9;-2
96400;96400;;;AMETHYSTS;SEASHELLS;10002.0;3;-2
96500;96500;;;STARFRUIT;SEASHELLS;4993.0;6;-2
96800;96800;;;STARFRUIT;SEASHELLS;4991.0;1;-2
96900;96900;;;AMETHYSTS;SEASHELLS;10005.0;3;-2
97000;97000;;;STARFRUIT;SEASHELLS;4987.0;2;-2
97200;97200;;;AMETHYSTS;SEASHELLS;10005.0;12;-2
97300;97300;;;STARFRUIT;SEASHELLS;4993.0;1;-2
97300;97300;;;AMETHYSTS;SEASHELLS;10004.0;1;-2
97400;97400;;;AMETHYSTS;SEASHELLS;9998.0;1;-2
97600;97600;;;AMETHYSTS;SEASHELLS;9998.0;1;-2
97900;97900;;;AMETHYSTS;SEASHELLS;10002.0;4;-2
98100;98100;;;STARFRUIT;SEASHELLS;4993.0;1;-2
98100;98100;;;AMETHYSTS;SEASHELLS;10002.0;1;-2
98200;98200;;;STARFRUIT;SEASHELLS;4989.0;1;-2
98300;98300;;;AMETHYSTS;SEASHELLS;9998.0;1;-2
98300;98300;;;STARFRUIT;SEASHELLS;4989.0;4;-2
98400;98400;;;STARFRUIT;SEASHELLS;4988.0;1;-2
98500;98500;;;STARFRUIT;SEASHELLS;4992.0;3;-2
98700;98700;;;STARFRUIT;SEASHELLS;4994.0;6;-2
98800;98800;;;STARFRUIT;SEASHELLS;4988.0;1;-2
98800;98800;;;STARFRUIT;SEASHELLS;4994.0;5;-2
98800;98800;;;AMETHYSTS;SEASHELLS;9996.0;1;-2
99000;99000;;;AMETHYSTS;SEASHELLS;9998.0;1;-2
99300;99300;;;STARFRUIT;SEASHELLS;4990.0;2;-2
99400;99400;;;STARFRUIT;SEASHELLS;4995.0;8;-2
100000;100000;;;STARFRUIT;SEASHELLS;4987.0;14;-2
100100;100100;;;AMETHYSTS;SEASHELLS;9998.0;1;-2
100100;100100;;;STARFRUIT;SEASHELLS;4987.0;1;-2
100500;100500;;;AMETHYSTS;SEASHELLS;9998.0;1;-2
101400;101400;;;STARFRUIT;SEASHELLS;4987.0;2;-2
102200;102200;;;STARFRUIT;SEASHELLS;4991.0;2;-2
102200;102200;;;AMETHYSTS;SEASHELLS;10004.0;2;-2
102300;102300;;;AMETHYSTS;SEASHELLS;10002.0;1;-2
102300;102300;;;AMETHYSTS;SEASHELLS;10002.0;3;-2
102500;102500;;;STARFRUIT;SEASHELLS;4990.0;1;-2
102500;102500;;;AMETHYSTS;SEASHELLS;10002.0;1;-2
102900;102900;;;AMETHYSTS;SEASHELLS;9998.0;1;-2
103100;103100;;;STARFRUIT;SEASHELLS;4984.0;2;-2
103100;103100;;;AMETHYSTS;SEASHELLS;9995.0;2;-2
103300;103300;;;STARFRUIT;SEASHELLS;4988.0;2;-2
103600;103600;;;STARFRUIT;SEASHELLS;4990.0;1;-2
104000;104000;;;AMETHYSTS;SEASHELLS;9998.0;1;-2
104100;104100;;;STARFRUIT;SEASHELLS;4983.0;7;-2
104200;104200;;;AMETHYSTS;SEASHELLS;9998.0;1;-2
104200;104200;;;AMETHYSTS;SEASHELLS;9998.0;2;-2
104300;104300;;;AMETHYSTS;SEASHELLS;9998.0;2;-2
104400;104400;;;STARFRUIT;SEASHELLS;4989.0;3;-2
104400;104400;;;AMETHYSTS;SEASHELLS;9998.0;1;-2
104400;104400;;;STARFRUIT;SEASHELLS;4989.0;2;-2
104400;104400;;;AMETHYSTS;SEASHELLS;9995.0;2;-2
104700;104700;;;AMETHYSTS;SEASHELLS;10002.0;1;-2
104700;104700;;;STARFRUIT;SEASHELLS;4985.0;1;-2
104800;104800;;;STARFRUIT;SEASHELLS;4985.0;1;-2
105100;105100;;;AMETHYSTS;SEASHELLS;10002.0;1;-2
105200;105200;;;STARFRUIT;SEASHELLS;4986.0;1;-2
105900;105900;;;AMETHYSTS;SEASHELLS;10002.0;5;-2
106100;106100;;;STARFRUIT;SEASHELLS;4991.0;8;-2
106800;106800;;;STARFRUIT;SEASHELLS;4990.0;2;-2
106800;106800;;;AMETHYSTS;SEASHELLS;10005.0;2;-2
106900;106900;;;STARFRUIT;SEASHELLS;4984.0;10;-2
107200;107200;;;AMETHYSTS;SEASHELLS;9995.0;4;-2
107500;107500;;;STARFRUIT;SEASHELLS;4990.0;2;-2
107500;107500;;;AMETHYSTS;SEASHELLS;10002.0;2;-2
107700;107700;;;AMETHYSTS;SEASHELLS;10004.0;2;-2
107700;107700;;;STARFRUIT;SEASHELLS;4990.0;2;-2
108000;108000;;;AMETHYSTS;SEASHELLS;9998.0;6;-2
108000;108000;;;AMETHYSTS;SEASHELLS;9998.0;5;-2
108100;108100;;;STARFRUIT;SEASHELLS;4983.0;4;-2
108300;108300;;;AMETHYSTS;SEASHELLS;9998.0;1;-2
108400;108400;;;STARFRUIT;SEASHELLS;4987.0;1;-2
108600;108600;;;AMETHYSTS;SEASHELLS;10002.0;1;-2
108600;108600;;;STARFRUIT;SEASHELLS;4984.0;2;-2
108700;108700;;;AMETHYSTS;SEASHELLS;9995.0;10;-2
108800;108800;;;STARFRUIT;SEASHELLS;4983.0;1;-2
108900;108900;;;AMETHYSTS;SEASHELLS;10004.0;1;-2
108900;108900;;;STARFRUIT;SEASHELLS;4989.0;1;-2
109100;109100;;;AMETHYSTS;SEASHELLS;10002.0;2;-2
109400;109400;;;STARFRUIT;SEASHELLS;4988.0;1;-2
109600;109600;;;STARFRUIT;SEASHELLS;4990.0;12;-2
109900;109900;;;AMETHYSTS;SEASHELLS;10005.0;1;-2
109900;109900;;;STARFRUIT;SEASHELLS;4988.0;1;-2
110300;110300;;;STARFRUIT;SEASHELLS;4983.0;8;-2
111300;111300;;;STARFRUIT;SEASHELLS;4986.0;1;-2
111300;111300;;;AMETHYSTS;SEASHELLS;9995.0;1;-2
111600;111600;;;AMETHYSTS;SEASHELLS;9996.0;2;-2
111600;111600;;;STARFRUIT;SEASHELLS;4984.0;1;-2
112000;112000;;;AMETHYSTS;SEASHELLS;10002.0;1;-2
112200;112200;;;AMETHYSTS;SEASHELLS;10002.0;1;-2
112300;112300;;;STARFRUIT;SEASHELLS;4981.0;1;-2
112400;112400;;;STARFRUIT;SEASHELLS;4986.0;1;-2
112500;112500;;;AMETHYSTS;SEASHELLS;10002.0;1;-2
112500;112500;;;STARFRUIT;SEASHELLS;4981.0;1;-2
113100;113100;;;STARFRUIT;SEASHELLS;4985.0;1;-2
113200;113200;;;STARFRUIT;SEASHELLS;4980.0;1;-2
113400;113400;;;STARFRUIT;SEASHELLS;4984.0;2;-2
113400;113400;;;AMETHYSTS;SEASHELLS;10004.0;1;-2
113700;113700;;;STARFRUIT;SEASHELLS;4984.0;1;-2
113800;113800;;;AMETHYSTS;SEASHELLS;9996.0;1;-2
113800;113800;;;STARFRUIT;SEASHELLS;4979.0;1;-2
113900;113900;;;STARFRUIT;SEASHELLS;4979.0;1;-2
114300;114300;;;STARFRUIT;SEASHELLS;4979.0;1;-2
114700;114700;;;AMETHYSTS;SEASHELLS;10005.0;12;-2
114700;114700;;;AMETHYSTS;SEASHELLS;9995.0;4;-2
115000;115000;;;STARFRUIT;SEASHELLS;4980.0;1;-2
115200;115200;;;STARFRUIT;SEASHELLS;4980.0;1;-2
115300;115300;;;STARFRUIT;SEASHELLS;4986.0;1;-2
115600;115600;;;STARFRUIT;SEASHELLS;4981.0;3;-2
115600;115600;;;AMETHYSTS;SEASHELLS;9998.0;1;-2
115800;115800;;;AMETHYSTS;SEASHELLS;9998.0;1;-2
115800;115800;;;STARFRUIT;SEASHELLS;4984.0;1;-2
116600;116600;;;STARFRUIT;SEASHELLS;4981.0;3;-2
116700;116700;;;STARFRUIT;SEASHELLS;4983.0;1;-2
116900;116900;;;STARFRUIT;SEASHELLS;4981.0;5;-2
117700;117700;;;STARFRUIT;SEASHELLS;4984.0;1;-2
118000;118000;;;AMETHYSTS;SEASHELLS;9995.0;1;-2
118000;118000;;;STARFRUIT;SEASHELLS;4977.0;1;-2
118300;118300;;;STARFRUIT;SEASHELLS;4980.0;2;-2
118600;118600;;;STARFRUIT;SEASHELLS;4975.0;1;-2
119000;119000;;;STARFRUIT;SEASHELLS;4980.0;1;-2
119300;119300;;;AMETHYSTS;SEASHELLS;10002.0;1;-2
119300;119300;;;STARFRUIT;SEASHELLS;4981.0;1;-2
119500;119500;;;STARFRUIT;SEASHELLS;4974.0;1;-2
119700;119700;;;STARFRUIT;SEASHELLS;4974.0;1;-2
120200;120200;;;AMETHYSTS;SEASHELLS;10002.0;1;-2
120200;120200;;;STARFRUIT;SEASHELLS;4973.0;1;-2
120500;120500;;;AMETHYSTS;SEASHELLS;9998.0;3;-2
120700;120700;;;STARFRUIT;SEASHELLS;4973.0;1;-2
120800;120800;;;STARFRUIT;SEASHELLS;4978.0;1;-2
120800;120800;;;AMETHYSTS;SEASHELLS;10000.0;2;-2
120900;120900;;;AMETHYSTS;SEASHELLS;9998.0;1;-2
121300;121300;;;STARFRUIT;SEASHELLS;4981.0;9;-2
121800;121800;;;AMETHYSTS;SEASHELLS;9998.0;2;-2
122000;122000;;;STARFRUIT;SEASHELLS;4975.0;9;-2
122300;122300;;;AMETHYSTS;SEASHELLS;10004.0;2;-2
122300;122300;;;AMETHYSTS;SEASHELLS;10004.0;3;-2
122700;122700;;;STARFRUIT;SEASHELLS;4973.0;1;-2
123000;123000;;;AMETHYSTS;SEASHELLS;9998.0;1;-2
123000;123000;;;STARFRUIT;SEASHELLS;4973.0;1;-2
123100;123100;;;STARFRUIT;SEASHELLS;4973.0;1;-2
123200;123200;;;STARFRUIT;SEASHELLS;4978.0;1;-2
123300;123300;;;STARFRUIT;SEASHELLS;4978.0;9;-2
124000;124000;;;STARFRUIT;SEASHELLS;4977.0;1;-2
124400;124400;;;AMETHYSTS;SEASHELLS;10002.0;1;-2
124500;124500;;;AMETHYSTS;SEASHELLS;9995.0;5;-2
124700;124700;;;AMETHYSTS;SEASHELLS;9998.0;1;-2
124900;124900;;;AMETHYSTS;SEASHELLS;10002.0;2;-2
124900;124900;;;STARFRUIT;SEASHELLS;4976.0;2;-2
125100;125100;;;STARFRUIT;SEASHELLS;4970.0;1;-2
125100;125100;;;AMETHYSTS;SEASHELLS;9998.0;1;-2
125200;125200;;;STARFRUIT;SEASHELLS;4974.0;1;-2
125200;125200;;;AMETHYSTS;SEASHELLS;10004.0;1;-2
125300;125300;;;AMETHYSTS;SEASHELLS;10005.0;2;-2
125300;125300;;;STARFRUIT;SEASHELLS;4976.0;2;-2
125400;125400;;;STARFRUIT;SEASHELLS;4969.0;2;-2
125400;125400;;;AMETHYSTS;SEASHELLS;9996.0;2;-2
126400;126400;;;AMETHYSTS;SEASHELLS;9996.0;3;-2
126400;126400;;;AMETHYSTS;SEASHELLS;9996.0;1;-2
126500;126500;;;AMETHYSTS;SEASHELLS;9998.0;4;-2
127000;127000;;;AMETHYSTS;SEASHELLS;9995.0;12;-2
127200;127200;;;AMETHYSTS;SEASHELLS;10002.0;2;-2
127300;127300;;;STARFRUIT;SEASHELLS;4970.0;6;-2
127300;127300;;;STARFRUIT;SEASHELLS;4970.0;1;-2
127400;127400;;;AMETHYSTS;SEASHELLS;10002.0;1;-2
127600;127600;;;STARFRUIT;SEASHELLS;4969.0;1;-2
127800;127800;;;AMETHYSTS;SEASHELLS;10004.0;2;-2
127900;127900;;;AMETHYSTS;SEASHELLS;10002.0;1;-2
128900;128900;;;STARFRUIT;SEASHELLS;4974.0;3;-2
129200;129200;;;AMETHYSTS;SEASHELLS;9995.0;2;-2
129200;129200;;;STARFRUIT;SEASHELLS;4969.0;2;-2
129600;129600;;;STARFRUIT;SEASHELLS;4975.0;1;-2
129700;129700;;;STARFRUIT;SEASHELLS;4970.0;1;-2
129700;129700;;;AMETHYSTS;SEASHELLS;9995.0;1;-2
129800;129800;;;STARFRUIT;SEASHELLS;4970.0;1;-2
130100;130100;;;AMETHYSTS;SEASHELLS;10002.0;4;-2
130100;130100;;;AMETHYSTS;SEASHELLS;10002.0;1;-2
130200;130200;;;STARFRUIT;SEASHELLS;4970.0;1;-2
130300;130300;;;AMETHYSTS;SEASHELLS;9998.0;3;-2
130300;130300;;;STARFRUIT;SEASHELLS;4970.0;1;-2
130400;130400;;;STARFRUIT;SEASHELLS;4969.0;1;-2
130500;130500;;;STARFRUIT;SEASHELLS;4976.0;12;-2
130500;130500;;;AMETHYSTS;SEASHELLS;9998.0;3;-2
131200;131200;;;AMETHYSTS;SEASHELLS;9998.0;1;-2
131400;131400;;;AMETHYSTS;SEASHELLS;9998.0;3;-2
131600;131600;;;AMETHYSTS;SEASHELLS;9998.0;1;-2
132000;132000;;;STARFRUIT;SEASHELLS;4975.0;1;-2
132000;132000;;;AMETHYSTS;SEASHELLS;10004.0;1;-2
132100;132100;;;AMETHYSTS;SEASHELLS;9998.0;5;-2
132300;132300;;;AMETHYSTS;SEASHELLS;10000.0;1;-2
132300;132300;;;STARFRUIT;SEASHELLS;4971.0;1;-2
132700;132700;;;AMETHYSTS;SEASHELLS;10004.0;9;-2
132700;132700;;;AMETHYSTS;SEASHELLS;10004.0;1;-2
132700;132700;;;STARFRUIT;SEASHELLS;4968.0;3;-2
133400;133400;;;STARFRUIT;SEASHELLS;4975.0;1;-2
133400;133400;;;AMETHYSTS;SEASHELLS;10004.0;1;-2
133700;133700;;;STARFRUIT;SEASHELLS;4974.0;1;-2
133700;133700;;;AMETHYSTS;SEASHELLS;10004.0;1;-2
134100;134100;;;STARFRUIT;SEASHELLS;4973.0;1;-2
134100;134100;;;STARFRUIT;SEASHELLS;4973.0;9;-2
134200;134200;;;STARFRUIT;SEASHELLS;4969.0;2;-2
134700;134700;;;STARFRUIT;SEASHELLS;4974.0;1;-2
134700;134700;;;AMETHYSTS;SEASHELLS;10004.0;1;-2
134800;134800;;;AMETHYSTS;SEASHELLS;10004.0;2;-2
134900;134900;;;AMETHYSTS;SEASHELLS;10002.0;1;-2
135200;135200;;;STARFRUIT;SEASHELLS;4967.0;15;-2
135600;135600;;;STARFRUIT;SEASHELLS;4967.0;1;-2
136500;136500;;;STARFRUIT;SEASHELLS;4968.0;1;-2
136500;136500;;;STARFRUIT;SEASHELLS;4975.0;2;-2
136500;136500;;;AMETHYSTS;SEASHELLS;10005.0;2;-2
136800;136800;;;AMETHYSTS;SEASHELLS;9998.0;2;-2
136900;136900;;;STARFRUIT;SEASHELLS;4968.0;1;-2
137000;137000;;;STARFRUIT;SEASHELLS;4974.0;9;-2
137700;137700;;;AMETHYSTS;SEASHELLS;10004.0;1;-2
139100;139100;;;AMETHYSTS;SEASHELLS;9998.0;5;-2
139400;139400;;;AMETHYSTS;SEASHELLS;9996.0;2;-2
139400;139400;;;AMETHYSTS;SEASHELLS;9996.0;1;-2
140400;140400;;;STARFRUIT;SEASHELLS;4971.0;1;-2
140700;140700;;;AMETHYSTS;SEASHELLS;9998.0;2;-2
140800;140800;;;STARFRUIT;SEASHELLS;4966.0;1;-2
140900;140900;;;STARFRUIT;SEASHELLS;4965.0;1;-2
141100;141100;;;AMETHYSTS;SEASHELLS;9998.0;1;-2
141200;141200;;;STARFRUIT;SEASHELLS;4964.0;11;-2
141400;141400;;;STARFRUIT;SEASHELLS;4969.0;1;-2
141600;141600;;;STARFRUIT;SEASHELLS;4969.0;1;-2
141700;141700;;;STARFRUIT;SEASHELLS;4968.0;10;-2
142000;142000;;;AMETHYSTS;SEASHELLS;9996.0;1;-2
142000;142000;;;STARFRUIT;SEASHELLS;4964.0;11;-2
142400;142400;;;STARFRUIT;SEASHELLS;4970.0;1;-2
142400;142400;;;AMETHYSTS;SEASHELLS;10004.0;1;-2
142800;142800;;;STARFRUIT;SEASHELLS;4970.0;13;-2
142800;142800;;;STARFRUIT;SEASHELLS;4968.0;1;-2
142800;142800;;;STARFRUIT;SEASHELLS;4967.0;4;-2
143100;143100;;;STARFRUIT;SEASHELLS;4963.0;2;-2
143100;143100;;;AMETHYSTS;SEASHELLS;9995.0;2;-2
143200;143200;;;STARFRUIT;SEASHELLS;4963.0;1;-2
143200;143200;;;AMETHYSTS;SEASHELLS;9995.0;1;-2
143200;143200;;;AMETHYSTS;SEASHELLS;9998.0;1;-2
143800;143800;;;STARFRUIT;SEASHELLS;4964.0;1;-2
143800;143800;;;AMETHYSTS;SEASHELLS;9998.0;1;-2
144100;144100;;;AMETHYSTS;SEASHELLS;10002.0;1;-2
144200;144200;;;STARFRUIT;SEASHELLS;4969.0;2;-2
144200;144200;;;AMETHYSTS;SEASHELLS;10004.0;1;-2
144600;144600;;;AMETHYSTS;SEASHELLS;9998.0;3;-2
144800;144800;;;STARFRUIT;SEASHELLS;4968.0;1;-2
144900;144900;;;AMETHYSTS;SEASHELLS;10002.0;1;-2
145800;145800;;;AMETHYSTS;SEASHELLS;9998.0;3;-2
145800;145800;;;STARFRUIT;SEASHELLS;4967.0;1;-2
145900;145900;;;STARFRUIT;SEASHELLS;4969.0;1;-2
145900;145900;;;STARFRUIT;SEASHELLS;4968.0;1;-2
145900;145900;;;AMETHYSTS;SEASHELLS;10004.0;1;-2
146000;146000;;;STARFRUIT;SEASHELLS;4967.0;1;-2
146200;146200;;;STARFRUIT;SEASHELLS;4962.0;10;-2
146300;146300;;;AMETHYSTS;SEASHELLS;10005.0;2;-2
146300;146300;;;STARFRUIT;SEASHELLS;4970.0;2;-2
146700;146700;;;AMETHYSTS;SEASHELLS;10005.0;5;-2
146900;146900;;;STARFRUIT;SEASHELLS;4964.0;3;-2
146900;146900;;;STARFRUIT;SEASHELLS;4963.0;1;-2
146900;146900;;;AMETHYSTS;SEASHELLS;10004.0;8;-2
146900;146900;;;AMETHYSTS;SEASHELLS;10004.0;2;-2
147000;147000;;;STARFRUIT;SEASHELLS;4969.0;8;-2
147100;147100;;;STARFRUIT;SEASHELLS;4964.0;4;-2
147300;147300;;;STARFRUIT;SEASHELLS;4963.0;1;-2
147400;147400;;;STARFRUIT;SEASHELLS;4962.0;1;-2
147400;147400;;;AMETHYSTS;SEASHELLS;9995.0;1;-2
147800;147800;;;AMETHYSTS;SEASHELLS;9998.0;1;-2
147800;147800;;;STARFRUIT;SEASHELLS;4967.0;1;-2
148000;148000;;;AMETHYSTS;SEASHELLS;10000.0;1;-2
148000;148000;;;AMETHYSTS;SEASHELLS;9998.0;1;-2
148000;148000;;;STARFRUIT;SEASHELLS;4964.0;1;-2
148100;148100;;;STARFRUIT;SEASHELLS;4963.0;3;-2
148200;148200;;;AMETHYSTS;SEASHELLS;9995.0;2;-2
148200;148200;;;STARFRUIT;SEASHELLS;4967.0;1;-2
148300;148300;;;STARFRUIT;SEASHELLS;4962.0;10;-2
148500;148500;;;STARFRUIT;SEASHELLS;4966.0;1;-2
148700;148700;;;STARFRUIT;SEASHELLS;4961.0;1;-2
148800;148800;;;STARFRUIT;SEASHELLS;4961.0;9;-2
149400;149400;;;STARFRUIT;SEASHELLS;4963.0;3;-2
150000;150000;;;STARFRUIT;SEASHELLS;4964.0;1;-2
150000;150000;;;STARFRUIT;SEASHELLS;4964.0;1;-2
150100;150100;;;STARFRUIT;SEASHELLS;4964.0;1;-2
150100;150100;;;AMETHYSTS;SEASHELLS;10004.0;1;-2
150200;150200;;;STARFRUIT;SEASHELLS;4965.0;1;-2
150300;150300;;;STARFRUIT;SEASHELLS;4959.0;1;-2
150300;150300;;;AMETHYSTS;SEASHELLS;9996.0;1;-2
151400;151400;;;STARFRUIT;SEASHELLS;4960.0;1;-2
151400;151400;;;AMETHYSTS;SEASHELLS;10002.0;1;-2
151900;151900;;;STARFRUIT;SEASHELLS;4960.0;1;-2
152000;152000;;;AMETHYSTS;SEASHELLS;10002.0;6;-2
152100;152100;;;AMETHYSTS;SEASHELLS;10004.0;2;-2
152100;152100;;;STARFRUIT;SEASHELLS;4966.0;2;-2
152300;152300;;;STARFRUIT;SEASHELLS;4959.0;1;-2
152800;152800;;;STARFRUIT;SEASHELLS;4965.0;3;-2
153200;153200;;;AMETHYSTS;SEASHELLS;9995.0;5;-2
153400;153400;;;STARFRUIT;SEASHELLS;4963.0;2;-2
153500;153500;;;STARFRUIT;SEASHELLS;4967.0;1;-2
153500;153500;;;AMETHYSTS;SEASHELLS;10002.0;1;-2
153600;153600;;;STARFRUIT;SEASHELLS;4961.0;1;-2
153700;153700;;;AMETHYSTS;SEASHELLS;9998.0;1;-2
153900;153900;;;STARFRUIT;SEASHELLS;4961.0;1;-2
154000;154000;;;STARFRUIT;SEASHELLS;4963.0;10;-2
154100;154100;;;AMETHYSTS;SEASHELLS;9998.0;2;-2
154400;154400;;;AMETHYSTS;SEASHELLS;10002.0;2;-2
154600;154600;;;AMETHYSTS;SEASHELLS;10002.0;1;-2
154700;154700;;;STARFRUIT;SEASHELLS;4967.0;7;-2
154700;154700;;;STARFRUIT;SEASHELLS;4962.0;1;-2
154800;154800;;;STARFRUIT;SEASHELLS;4962.0;1;-2
155200;155200;;;AMETHYSTS;SEASHELLS;10002.0;1;-2
155600;155600;;;STARFRUIT;SEASHELLS;4969.0;1;-2
155600;155600;;;AMETHYSTS;SEASHELLS;9998.0;1;-2
155700;155700;;;AMETHYSTS;SEASHELLS;10002.0;1;-2
156200;156200;;;STARFRUIT;SEASHELLS;4964.0;5;-2
156400;156400;;;STARFRUIT;SEASHELLS;4969.0;7;-2
156500;156500;;;AMETHYSTS;SEASHELLS;10002.0;1;-2
156700;156700;;;AMETHYSTS;SEASHELLS;10004.0;2;-2
156700;156700;;;STARFRUIT;SEASHELLS;4969.0;2;-2
157000;157000;;;STARFRUIT;SEASHELLS;4969.0;2;-2
157000;157000;;;STARFRUIT;SEASHELLS;4969.0;9;-2
157400;157400;;;AMETHYSTS;SEASHELLS;10002.0;1;-2
157400;157400;;;STARFRUIT;SEASHELLS;4964.0;1;-2
157700;157700;;;STARFRUIT;SEASHELLS;4972.0;1;-2
157700;157700;;;AMETHYSTS;SEASHELLS;10004.0;1;-2
157900;157900;;;STARFRUIT;SEASHELLS;4966.0;2;-2
157900;157900;;;AMETHYSTS;SEASHELLS;10005.0;2;-2
158000;158000;;;AMETHYSTS;SEASHELLS;10002.0;1;-2
158000;158000;;;STARFRUIT;SEASHELLS;4965.0;1;-2
158200;158200;;;AMETHYSTS;SEASHELLS;9998.0;8;-2
158300;158300;;;AMETHYSTS;SEASHELLS;10002.0;1;-2
158300;158300;;;STARFRUIT;SEASHELLS;4965.0;1;-2
158500;158500;;;STARFRUIT;SEASHELLS;4965.0;1;-2
159200;159200;;;AMETHYSTS;SEASHELLS;9998.0;2;-2
159200;159200;;;STARFRUIT;SEASHELLS;4964.0;2;-2
159400;159400;;;AMETHYSTS;SEASHELLS;10002.0;1;-2
159400;159400;;;STARFRUIT;SEASHELLS;4965.0;8;-2
159500;159500;;;STARFRUIT;SEASHELLS;4964.0;1;-2
159900;159900;;;AMETHYSTS;SEASHELLS;9996.0;2;-2
159900;159900;;;STARFRUIT;SEASHELLS;4964.0;2;-2
160200;160200;;;STARFRUIT;SEASHELLS;4964.0;1;-2
160300;160300;;;STARFRUIT;SEASHELLS;4969.0;1;-2
160400;160400;;;STARFRUIT;SEASHELLS;4963.0;1;-2
160700;160700;;;STARFRUIT;SEASHELLS;4963.0;1;-2
160800;160800;;;STARFRUIT;SEASHELLS;4969.0;13;-2
161200;161200;;;STARFRUIT;SEASHELLS;4964.0;3;-2
161400;161400;;;STARFRUIT;SEASHELLS;4969.0;13;-2
161800;161800;;;STARFRUIT;SEASHELLS;4962.0;1;-2
162000;162000;;;AMETHYSTS;SEASHELLS;10005.0;2;-2
162000;162000;;;STARFRUIT;SEASHELLS;4968.0;2;-2
162300;162300;;;AMETHYSTS;SEASHELLS;10002.0;2;-2
162300;162300;;;STARFRUIT;SEASHELLS;4962.0;2;-2
162400;162400;;;STARFRUIT;SEASHELLS;4962.0;1;-2
162700;162700;;;AMETHYSTS;SEASHELLS;9996.0;1;-2
162700;162700;;;STARFRUIT;SEASHELLS;4962.0;1;-2
162800;162800;;;AMETHYSTS;SEASHELLS;9995.0;2;-2
162800;162800;;;STARFRUIT;SEASHELLS;4961.0;2;-2
163100;163100;;;STARFRUIT;SEASHELLS;4967.0;1;-2
163300;163300;;;STARFRUIT;SEASHELLS;4969.0;1;-2
163600;163600;;;STARFRUIT;SEASHELLS;4966.0;2;-2
163700;163700;;;STARFRUIT;SEASHELLS;4963.0;4;-2
163900;163900;;;AMETHYSTS;SEASHELLS;10002.0;4;-2
163900;163900;;;AMETHYSTS;SEASHELLS;10002.0;1;-2
164000;164000;;;AMETHYSTS;SEASHELLS;10000.0;3;-2
164600;164600;;;AMETHYSTS;SEASHELLS;9998.0;1;-2
164800;164800;;;AMETHYSTS;SEASHELLS;9998.0;1;-2
164900;164900;;;STARFRUIT;SEASHELLS;4964.0;3;-2
165000;165000;;;AMETHYSTS;SEASHELLS;10002.0;2;-2
165300;165300;;;AMETHYSTS;SEASHELLS;9996.0;3;-2
165300;165300;;;AMETHYSTS;SEASHELLS;9996.0;1;-2
165500;165500;;;STARFRUIT;SEASHELLS;4968.0;1;-2
165700;165700;;;STARFRUIT;SEASHELLS;4968.0;1;-2
166100;166100;;;AMETHYSTS;SEASHELLS;10002.0;1;-2
166300;166300;;;AMETHYSTS;SEASHELLS;10002.0;1;-2
166400;166400;;;AMETHYSTS;SEASHELLS;10002.0;1;-2
166600;166600;;;STARFRUIT;SEASHELLS;4964.0;3;-2
166700;166700;;;AMETHYSTS;SEASHELLS;10002.0;1;-2
166700;166700;;;STARFRUIT;SEASHELLS;4963.0;1;-2
167300;167300;;;STARFRUIT;SEASHELLS;4968.0;2;-2
167300;167300;;;AMETHYSTS;SEASHELLS;10005.0;2;-2
168100;168100;;;AMETHYSTS;SEASHELLS;10002.0;1;-2
168200;168200;;;AMETHYSTS;SEASHELLS;9995.0;1;-2
168200;168200;;;STARFRUIT;SEASHELLS;4960.0;1;-2
168900;168900;;;AMETHYSTS;SEASHELLS;9998.0;5;-2
169200;169200;;;STARFRUIT;SEASHELLS;4959.0;1;-2
169300;169300;;;AMETHYSTS;SEASHELLS;10002.0;1;-2
169300;169300;;;STARFRUIT;SEASHELLS;4962.0;3;-2
169500;169500;;;STARFRUIT;SEASHELLS;4966.0;12;-2
169600;169600;;;STARFRUIT;SEASHELLS;4966.0;1;-2
170000;170000;;;STARFRUIT;SEASHELLS;4965.0;2;-2
170000;170000;;;STARFRUIT;SEASHELLS;4964.0;1;-2
170000;170000;;;AMETHYSTS;SEASHELLS;10002.0;2;-2
170200;170200;;;STARFRUIT;SEASHELLS;4967.0;1;-2
170200;170200;;;AMETHYSTS;SEASHELLS;10004.0;1;-2
170400;170400;;;STARFRUIT;SEASHELLS;4967.0;12;-2
171400;171400;;;AMETHYSTS;SEASHELLS;9998.0;1;-2
171700;171700;;;AMETHYSTS;SEASHELLS;10004.0;1;-2
171700;171700;;;STARFRUIT;SEASHELLS;4964.0;1;-2
172000;172000;;;STARFRUIT;SEASHELLS;4959.0;13;-2
172100;172100;;;AMETHYSTS;SEASHELLS;10002.0;1;-2
172200;172200;;;AMETHYSTS;SEASHELLS;10002.0;1;-2
172300;172300;;;AMETHYSTS;SEASHELLS;10002.0;1;-2
172600;172600;;;AMETHYSTS;SEASHELLS;10002.0;1;-2
172700;172700;;;AMETHYSTS;SEASHELLS;10004.0;2;-2
173100;173100;;;AMETHYSTS;SEASHELLS;10005.0;4;-2
173600;173600;;;STARFRUIT;SEASHELLS;4965.0;1;-2
173700;173700;;;AMETHYSTS;SEASHELLS;9998.0;1;-2
174100;174100;;;AMETHYSTS;SEASHELLS;9998.0;1;-2
174100;174100;;;STARFRUIT;SEASHELLS;4963.0;1;-2
174400;174400;;;STARFRUIT;SEASHELLS;4960.0;3;-2
174700;174700;;;STARFRUIT;SEASHELLS;4961.0;2;-2
174900;174900;;;AMETHYSTS;SEASHELLS;10002.0;1;-2
174900;174900;;;STARFRUIT;SEASHELLS;4962.0;1;-2
175200;175200;;;STARFRUIT;SEASHELLS;4963.0;1;-2
175200;175200;;;STARFRUIT;SEASHELLS;4958.0;2;-2
175200;175200;;;AMETHYSTS;SEASHELLS;9996.0;2;-2
175200;175200;;;AMETHYSTS;SEASHELLS;9998.0;1;-2
175500;175500;;;AMETHYSTS;SEASHELLS;10004.0;1;-2
175500;175500;;;STARFRUIT;SEASHELLS;4964.0;1;-2
175600;175600;;;STARFRUIT;SEASHELLS;4963.0;1;-2
176000;176000;;;STARFRUIT;SEASHELLS;4958.0;1;-2
176100;176100;;;AMETHYSTS;SEASHELLS;10002.0;1;-2
176500;176500;;;AMETHYSTS;SEASHELLS;10004.0;1;-2
176500;176500;;;STARFRUIT;SEASHELLS;4963.0;1;-2
176900;176900;;;STARFRUIT;SEASHELLS;4959.0;2;-2
176900;176900;;;AMETHYSTS;SEASHELLS;10005.0;9;-2
177200;177200;;;STARFRUIT;SEASHELLS;4958.0;1;-2
177200;177200;;;STARFRUIT;SEASHELLS;4958.0;7;-2
177300;177300;;;STARFRUIT;SEASHELLS;4959.0;2;-2
177900;177900;;;AMETHYSTS;SEASHELLS;9998.0;3;-2
178200;178200;;;STARFRUIT;SEASHELLS;4962.0;1;-2
178500;178500;;;STARFRUIT;SEASHELLS;4956.0;13;-2
178700;178700;;;STARFRUIT;SEASHELLS;4957.0;7;-2
178800;178800;;;STARFRUIT;SEASHELLS;4958.0;4;-2
179600;179600;;;AMETHYSTS;SEASHELLS;10002.0;1;-2
179600;179600;;;STARFRUIT;SEASHELLS;4959.0;7;-2
180000;180000;;;STARFRUIT;SEASHELLS;4957.0;1;-2
180500;180500;;;STARFRUIT;SEASHELLS;4956.0;1;-2
180900;180900;;;AMETHYSTS;SEASHELLS;9998.0;1;-2
180900;180900;;;AMETHYSTS;SEASHELLS;9998.0;2;-2
181000;181000;;;AMETHYSTS;SEASHELLS;10002.0;1;-2
181400;181400;;;STARFRUIT;SEASHELLS;4957.0;1;-2
181500;181500;;;STARFRUIT;SEASHELLS;4957.0;2;-2
181600;181600;;;AMETHYSTS;SEASHELLS;9996.0;1;-2
181800;181800;;;AMETHYSTS;SEASHELLS;10005.0;2;-2
181800;181800;;;STARFRUIT;SEASHELLS;4961.0;2;-2
182300;182300;;;AMETHYSTS;SEASHELLS;9998.0;3;-2
182300;182300;;;AMETHYSTS;SEASHELLS;9998.0;1;-2
182500;182500;;;AMETHYSTS;SEASHELLS;10002.0;1;-2
182700;182700;;;AMETHYSTS;SEASHELLS;9996.0;2;-2
182900;182900;;;AMETHYSTS;SEASHELLS;10002.0;1;-2
183100;183100;;;STARFRUIT;SEASHELLS;4957.0;1;-2
183100;183100;;;AMETHYSTS;SEASHELLS;10002.0;1;-2
183400;183400;;;STARFRUIT;SEASHELLS;4957.0;1;-2
183900;183900;;;AMETHYSTS;SEASHELLS;10002.0;1;-2
184200;184200;;;STARFRUIT;SEASHELLS;4955.0;1;-2
184400;184400;;;STARFRUIT;SEASHELLS;4961.0;9;-2
184800;184800;;;AMETHYSTS;SEASHELLS;10000.0;2;-2
185000;185000;;;AMETHYSTS;SEASHELLS;9995.0;1;-2
185000;185000;;;STARFRUIT;SEASHELLS;4955.0;1;-2
185500;185500;;;STARFRUIT;SEASHELLS;4956.0;7;-2
185500;185500;;;STARFRUIT;SEASHELLS;4956.0;7;-2
186000;186000;;;AMETHYSTS;SEASHELLS;9995.0;1;-2
186000;186000;;;STARFRUIT;SEASHELLS;4955.0;1;-2
186500;186500;;;AMETHYSTS;SEASHELLS;9996.0;1;-2
186500;186500;;;STARFRUIT;SEASHELLS;4955.0;1;-2
186800;186800;;;STARFRUIT;SEASHELLS;4955.0;1;-2
186800;186800;;;AMETHYSTS;SEASHELLS;9995.0;6;-2
186800;186800;;;AMETHYSTS;SEASHELLS;9995.0;1;-2
186900;186900;;;AMETHYSTS;SEASHELLS;10004.0;9;-2
186900;186900;;;AMETHYSTS;SEASHELLS;10002.0;5;-2
186900;186900;;;AMETHYSTS;SEASHELLS;10004.0;2;-2
187300;187300;;;STARFRUIT;SEASHELLS;4959.0;1;-2
187300;187300;;;AMETHYSTS;SEASHELLS;9998.0;2;-2
187400;187400;;;STARFRUIT;SEASHELLS;4961.0;13;-2
187500;187500;;;STARFRUIT;SEASHELLS;4955.0;1;-2
187600;187600;;;STARFRUIT;SEASHELLS;4961.0;15;-2
187700;187700;;;STARFRUIT;SEASHELLS;4960.0;1;-2
188400;188400;;;STARFRUIT;SEASHELLS;4954.0;1;-2
188700;188700;;;STARFRUIT;SEASHELLS;4958.0;1;-2
188700;188700;;;AMETHYSTS;SEASHELLS;10002.0;1;-2
188900;188900;;;STARFRUIT;SEASHELLS;4958.0;1;-2
189000;189000;;;AMETHYSTS;SEASHELLS;10002.0;1;-2
189300;189300;;;STARFRUIT;SEASHELLS;4954.0;1;-2
189500;189500;;;STARFRUIT;SEASHELLS;4954.0;2;-2
189700;189700;;;STARFRUIT;SEASHELLS;4961.0;1;-2
189700;189700;;;AMETHYSTS;SEASHELLS;10005.0;1;-2
189800;189800;;;STARFRUIT;SEASHELLS;4961.0;11;-2
189900;189900;;;AMETHYSTS;SEASHELLS;9998.0;1;-2
190400;190400;;;AMETHYSTS;SEASHELLS;10002.0;1;-2
190400;190400;;;AMETHYSTS;SEASHELLS;10002.0;4;-2
191300;191300;;;STARFRUIT;SEASHELLS;4960.0;7;-2
191500;191500;;;STARFRUIT;SEASHELLS;4953.0;2;-2
191500;191500;;;AMETHYSTS;SEASHELLS;9995.0;2;-2
191600;191600;;;AMETHYSTS;SEASHELLS;9998.0;3;-2
191600;191600;;;STARFRUIT;SEASHELLS;4954.0;1;-2
191900;191900;;;AMETHYSTS;SEASHELLS;10002.0;1;-2
193100;193100;;;STARFRUIT;SEASHELLS;4954.0;1;-2
193400;193400;;;AMETHYSTS;SEASHELLS;10002.0;2;-2
193600;193600;;;STARFRUIT;SEASHELLS;4958.0;10;-2
193600;193600;;;STARFRUIT;SEASHELLS;4958.0;2;-2
193600;193600;;;AMETHYSTS;SEASHELLS;9995.0;2;-2
193600;193600;;;STARFRUIT;SEASHELLS;4958.0;3;-2
194600;194600;;;STARFRUIT;SEASHELLS;4956.0;2;-2
194600;194600;;;AMETHYSTS;SEASHELLS;9998.0;2;-2
195300;195300;;;STARFRUIT;SEASHELLS;4958.0;11;-2
195700;195700;;;AMETHYSTS;SEASHELLS;10002.0;1;-2
196100;196100;;;STARFRUIT;SEASHELLS;4951.0;1;-2
196400;196400;;;STARFRUIT;SEASHELLS;4952.0;1;-2
196600;196600;;;AMETHYSTS;SEASHELLS;9998.0;1;-2
196600;196600;;;STARFRUIT;SEASHELLS;4956.0;1;-2
196700;196700;;;AMETHYSTS;SEASHELLS;9998.0;2;-2
196700;196700;;;STARFRUIT;SEASHELLS;4952.0;2;-2
196800;196800;;;AMETHYSTS;SEASHELLS;9998.0;4;-2
196800;196800;;;STARFRUIT;SEASHELLS;4952.0;5;-2
197100;197100;;;AMETHYSTS;SEASHELLS;9998.0;4;-2
197200;197200;;;AMETHYSTS;SEASHELLS;10002.0;1;-2
197300;197300;;;STARFRUIT;SEASHELLS;4954.0;1;-2
197300;197300;;;AMETHYSTS;SEASHELLS;10004.0;2;-2
197300;197300;;;STARFRUIT;SEASHELLS;4954.0;1;-2
197400;197400;;;AMETHYSTS;SEASHELLS;9998.0;4;-2
197600;197600;;;AMETHYSTS;SEASHELLS;9998.0;1;-2
197900;197900;;;AMETHYSTS;SEASHELLS;9998.0;5;-2
198000;198000;;;STARFRUIT;SEASHELLS;4954.0;1;-2
198000;198000;;;AMETHYSTS;SEASHELLS;10004.0;1;-2
198100;198100;;;STARFRUIT;SEASHELLS;4954.0;1;-2
198400;198400;;;STARFRUIT;SEASHELLS;4949.0;1;-2
198400;198400;;;STARFRUIT;SEASHELLS;4952.0;2;-2
198500;198500;;;STARFRUIT;SEASHELLS;4949.0;11;-2
198700;198700;;;AMETHYSTS;SEASHELLS;9998.0;5;-2
198900;198900;;;STARFRUIT;SEASHELLS;4954.0;1;-2
199000;199000;;;STARFRUIT;SEASHELLS;4955.0;14;-2
199000;199000;;;AMETHYSTS;SEASHELLS;9996.0;1;-2
199000;199000;;;STARFRUIT;SEASHELLS;4949.0;1;-2
199000;199000;;;STARFRUIT;SEASHELLS;4954.0;1;-2
199400;199400;;;AMETHYSTS;SEASHELLS;10002.0;2;-2
199400;199400;;;STARFRUIT;SEASHELLS;4955.0;1;-2
199400;199400;;;STARFRUIT;SEASHELLS;4955.0;1;-2
199500;199500;;;STARFRUIT;SEASHELLS;4954.0;5;-2
199900;199900;;;STARFRUIT;SEASHELLS;4950.0;1;-2
200100;200100;;;AMETHYSTS;SEASHELLS;9996.0;1;-2
200200;200200;;;STARFRUIT;SEASHELLS;4956.0;3;-2
200300;200300;;;AMETHYSTS;SEASHELLS;9996.0;1;-2
200300;200300;;;STARFRUIT;SEASHELLS;4952.0;1;-2
200300;200300;;;STARFRUIT;SEASHELLS;4952.0;1;-2
200300;200300;;;AMETHYSTS;SEASHELLS;9996.0;1;-2
200400;200400;;;AMETHYSTS;SEASHELLS;10004.0;7;-2
200400;200400;;;AMETHYSTS;SEASHELLS;10004.0;1;-2
200500;200500;;;AMETHYSTS;SEASHELLS;10004.0;2;-2
200500;200500;;;STARFRUIT;SEASHELLS;4958.0;2;-2
200600;200600;;;AMETHYSTS;SEASHELLS;10002.0;2;-2
200600;200600;;;AMETHYSTS;SEASHELLS;10002.0;1;-2
200600;200600;;;STARFRUIT;SEASHELLS;4952.0;2;-2
201700;201700;;;AMETHYSTS;SEASHELLS;9998.0;1;-2
201700;201700;;;AMETHYSTS;SEASHELLS;9996.0;2;-2
201700;201700;;;AMETHYSTS;SEASHELLS;9996.0;1;-2
201900;201900;;;AMETHYSTS;SEASHELLS;9998.0;1;-2
202300;202300;;;STARFRUIT;SEASHELLS;4961.0;8;-2
202400;202400;;;STARFRUIT;SEASHELLS;4955.0;1;-2
202800;202800;;;AMETHYSTS;SEASHELLS;9998.0;1;-2
202900;202900;;;AMETHYSTS;SEASHELLS;9996.0;1;-2
202900;202900;;;STARFRUIT;SEASHELLS;4955.0;2;-2
203600;203600;;;STARFRUIT;SEASHELLS;4957.0;2;-2
203800;203800;;;AMETHYSTS;SEASHELLS;9998.0;1;-2
203900;203900;;;AMETHYSTS;SEASHELLS;9998.0;2;-2
203900;203900;;;STARFRUIT;SEASHELLS;4962.0;2;-2
204200;204200;;;AMETHYSTS;SEASHELLS;10002.0;1;-2
204200;204200;;;STARFRUIT;SEASHELLS;4961.0;4;-2
204200;204200;;;STARFRUIT;SEASHELLS;4958.0;4;-2
204200;204200;;;STARFRUIT;SEASHELLS;4963.0;11;-2
204400;204400;;;AMETHYSTS;SEASHELLS;10002.0;1;-2
204600;204600;;;AMETHYSTS;SEASHELLS;10000.0;3;-2
204800;204800;;;AMETHYSTS;SEASHELLS;9998.0;1;-2
204800;204800;;;AMETHYSTS;SEASHELLS;9998.0;4;-2
204800;204800;;;AMETHYSTS;SEASHELLS;10002.0;6;-2
204900;204900;;;STARFRUIT;SEASHELLS;4961.0;1;-2
205200;205200;;;STARFRUIT;SEASHELLS;4957.0;2;-2
205200;205200;;;AMETHYSTS;SEASHELLS;9996.0;2;-2
205300;205300;;;STARFRUIT;SEASHELLS;4963.0;1;-2
205300;205300;;;AMETHYSTS;SEASHELLS;10004.0;1;-2
205600;205600;;;AMETHYSTS;SEASHELLS;9995.0;8;-2
205900;205900;;;AMETHYSTS;SEASHELLS;9998.0;1;-2
206200;206200;;;AMETHYSTS;SEASHELLS;9998.0;1;-2
206400;206400;;;AMETHYSTS;SEASHELLS;9995.0;1;-2
206400;206400;;;STARFRUIT;SEASHELLS;4957.0;1;-2
206600;206600;;;STARFRUIT;SEASHELLS;4957.0;1;-2
206600;206600;;;STARFRUIT;SEASHELLS;4957.0;3;-2
207100;207100;;;STARFRUIT;SEASHELLS;4964.0;2;-2
207100;207100;;;AMETHYSTS;SEASHELLS;10005.0;2;-2
207200;207200;;;STARFRUIT;SEASHELLS;4956.0;1;-2
207300;207300;;;STARFRUIT;SEASHELLS;4956.0;1;-2
207700;207700;;;STARFRUIT;SEASHELLS;4963.0;1;-2
207800;207800;;;AMETHYSTS;SEASHELLS;9998.0;4;-2
208000;208000;;;STARFRUIT;SEASHELLS;4958.0;1;-2
208100;208100;;;STARFRUIT;SEASHELLS;4965.0;14;-2
208200;208200;;;STARFRUIT;SEASHELLS;4963.0;1;-2
208400;208400;;;STARFRUIT;SEASHELLS;4957.0;1;-2
208500;208500;;;AMETHYSTS;SEASHELLS;9998.0;1;-2
209000;209000;;;AMETHYSTS;SEASHELLS;9998.0;4;-2
209300;209300;;;AMETHYSTS;SEASHELLS;9995.0;1;-2
209300;209300;;;STARFRUIT;SEASHELLS;4958.0;1;-2
209600;209600;;;STARFRUIT;SEASHELLS;4959.0;1;-2
209700;209700;;;STARFRUIT;SEASHELLS;4960.0;5;-2
209900;209900;;;AMETHYSTS;SEASHELLS;9996.0;2;-2
209900;209900;;;STARFRUIT;SEASHELLS;4959.0;2;-2
210000;210000;;;STARFRUIT;SEASHELLS;4961.0;3;-2
210000;210000;;;AMETHYSTS;SEASHELLS;9995.0;4;-2
210000;210000;;;AMETHYSTS;SEASHELLS;9998.0;1;-2
210200;210200;;;STARFRUIT;SEASHELLS;4964.0;11;-2
210400;210400;;;AMETHYSTS;SEASHELLS;10002.0;1;-2
211300;211300;;;STARFRUIT;SEASHELLS;4963.0;1;-2
212500;212500;;;STARFRUIT;SEASHELLS;4964.0;1;-2
212700;212700;;;AMETHYSTS;SEASHELLS;9996.0;2;-2
212700;212700;;;STARFRUIT;SEASHELLS;4959.0;1;-2
212800;212800;;;AMETHYSTS;SEASHELLS;10002.0;3;-2
212900;212900;;;AMETHYSTS;SEASHELLS;9998.0;5;-2
213100;213100;;;AMETHYSTS;SEASHELLS;9998.0;1;-2
213100;213100;;;AMETHYSTS;SEASHELLS;9998.0;3;-2
213400;213400;;;AMETHYSTS;SEASHELLS;9998.0;2;-2
214400;214400;;;AMETHYSTS;SEASHELLS;10004.0;2;-2
214600;214600;;;AMETHYSTS;SEASHELLS;9998.0;1;-2
214700;214700;;;STARFRUIT;SEASHELLS;4957.0;1;-2
214800;214800;;;STARFRUIT;SEASHELLS;4959.0;3;-2
215100;215100;;;AMETHYSTS;SEASHELLS;10005.0;2;-2
215100;215100;;;STARFRUIT;SEASHELLS;4963.0;2;-2
215200;215200;;;AMETHYSTS;SEASHELLS;10002.0;1;-2
215200;215200;;;STARFRUIT;SEASHELLS;4959.0;5;-2
215400;215400;;;STARFRUIT;SEASHELLS;4958.0;3;-2
216400;216400;;;STARFRUIT;SEASHELLS;4957.0;6;-2
216500;216500;;;AMETHYSTS;SEASHELLS;10002.0;1;-2
216500;216500;;;STARFRUIT;SEASHELLS;4955.0;1;-2
216700;216700;;;STARFRUIT;SEASHELLS;4955.0;1;-2
216700;216700;;;STARFRUIT;SEASHELLS;4955.0;8;-2
217100;217100;;;STARFRUIT;SEASHELLS;4956.0;1;-2
217100;217100;;;STARFRUIT;SEASHELLS;4956.0;2;-2
217100;217100;;;AMETHYSTS;SEASHELLS;10004.0;1;-2
217500;217500;;;AMETHYSTS;SEASHELLS;10002.0;1;-2
217900;217900;;;STARFRUIT;SEASHELLS;4958.0;1;-2
217900;217900;;;AMETHYSTS;SEASHELLS;9996.0;1;-2
218100;218100;;;AMETHYSTS;SEASHELLS;9998.0;1;-2
218400;218400;;;STARFRUIT;SEASHELLS;4964.0;1;-2
218400;218400;;;AMETHYSTS;SEASHELLS;10005.0;1;-2
219500;219500;;;STARFRUIT;SEASHELLS;4959.0;1;-2
219900;219900;;;STARFRUIT;SEASHELLS;4958.0;1;-2
220100;220100;;;STARFRUIT;SEASHELLS;4958.0;1;-2
220100;220100;;;AMETHYSTS;SEASHELLS;9996.0;1;-2
220300;220300;;;STARFRUIT;SEASHELLS;4952.0;2;-2
220300;220300;;;AMETHYSTS;SEASHELLS;10002.0;1;-2
220800;220800;;;STARFRUIT;SEASHELLS;4954.0;1;-2
221500;221500;;;STARFRUIT;SEASHELLS;4958.0;1;-2
221700;221700;;;STARFRUIT;SEASHELLS;4953.0;1;-2
221800;221800;;;STARFRUIT;SEASHELLS;4953.0;12;-2
221800;221800;;;STARFRUIT;SEASHELLS;4956.0;6;-2
222500;222500;;;AMETHYSTS;SEASHELLS;9998.0;1;-2
222500;222500;;;STARFRUIT;SEASHELLS;4959.0;2;-2
222600;222600;;;AMETHYSTS;SEASHELLS;10002.0;1;-2
222900;222900;;;AMETHYSTS;SEASHELLS;10005.0;8;-2
223200;223200;;;AMETHYSTS;SEASHELLS;10002.0;1;-2
223200;223200;;;STARFRUIT;SEASHELLS;4955.0;1;-2
223400;223400;;;STARFRUIT;SEASHELLS;4960.0;1;-2
223900;223900;;;AMETHYSTS;SEASHELLS;10002.0;3;-2
223900;223900;;;STARFRUIT;SEASHELLS;4960.0;15;-2
224300;224300;;;STARFRUIT;SEASHELLS;4959.0;2;-2
224300;224300;;;AMETHYSTS;SEASHELLS;10004.0;2;-2
224500;224500;;;AMETHYSTS;SEASHELLS;10004.0;1;-2
224500;224500;;;STARFRUIT;SEASHELLS;4960.0;1;-2
224600;224600;;;STARFRUIT;SEASHELLS;4953.0;1;-2
224800;224800;;;AMETHYSTS;SEASHELLS;10005.0;7;-2
224900;224900;;;STARFRUIT;SEASHELLS;4954.0;1;-2
225000;225000;;;STARFRUIT;SEASHELLS;4958.0;4;-2
225500;225500;;;STARFRUIT;SEASHELLS;4955.0;3;-2
225800;225800;;;STARFRUIT;SEASHELLS;4953.0;1;-2
226000;226000;;;AMETHYSTS;SEASHELLS;9995.0;2;-2
226000;226000;;;STARFRUIT;SEASHELLS;4953.0;2;-2
226100;226100;;;AMETHYSTS;SEASHELLS;10005.0;1;-2
226100;226100;;;STARFRUIT;SEASHELLS;4959.0;1;-2
226300;226300;;;AMETHYSTS;SEASHELLS;10002.0;1;-2
226300;226300;;;STARFRUIT;SEASHELLS;4956.0;5;-2
226300;226300;;;STARFRUIT;SEASHELLS;4956.0;5;-2
226500;226500;;;AMETHYSTS;SEASHELLS;10002.0;1;-2
226700;226700;;;STARFRUIT;SEASHELLS;4951.0;1;-2
226800;226800;;;STARFRUIT;SEASHELLS;4956.0;1;-2
226800;226800;;;STARFRUIT;SEASHELLS;4953.0;4;-2
227400;227400;;;AMETHYSTS;SEASHELLS;9998.0;5;-2
227500;227500;;;STARFRUIT;SEASHELLS;4950.0;1;-2
227600;227600;;;AMETHYSTS;SEASHELLS;9998.0;3;-2
227600;227600;;;AMETHYSTS;SEASHELLS;9998.0;1;-2
227600;227600;;;AMETHYSTS;SEASHELLS;9998.0;3;-2
227600;227600;;;STARFRUIT;SEASHELLS;4955.0;1;-2
227700;227700;;;STARFRUIT;SEASHELLS;4956.0;1;-2
227700;227700;;;AMETHYSTS;SEASHELLS;10004.0;1;-2
227700;227700;;;AMETHYSTS;SEASHELLS;9998.0;4;-2
227800;227800;;;STARFRUIT;SEASHELLS;4949.0;1;-2
227900;227900;;;STARFRUIT;SEASHELLS;4954.0;1;-2
228300;228300;;;AMETHYSTS;SEASHELLS;9998.0;4;-2
228700;228700;;;AMETHYSTS;SEASHELLS;9998.0;1;-2
229200;229200;;;AMETHYSTS;SEASHELLS;10005.0;8;-2
229600;229600;;;AMETHYSTS;SEASHELLS;10002.0;4;-2
230000;230000;;;AMETHYSTS;SEASHELLS;10002.0;1;-2
230400;230400;;;STARFRUIT;SEASHELLS;4951.0;1;-2
230600;230600;;;AMETHYSTS;SEASHELLS;9996.0;2;-2
230600;230600;;;STARFRUIT;SEASHELLS;4954.0;2;-2
230600;230600;;;STARFRUIT;SEASHELLS;4955.0;1;-2
230600;230600;;;STARFRUIT;SEASHELLS;4954.0;2;-2
231100;231100;;;STARFRUIT;SEASHELLS;4956.0;1;-2
232500;232500;;;STARFRUIT;SEASHELLS;4953.0;1;-2
232700;232700;;;STARFRUIT;SEASHELLS;4953.0;1;-2
232700;232700;;;AMETHYSTS;SEASHELLS;9998.0;2;-2
233000;233000;;;AMETHYSTS;SEASHELLS;9998.0;4;-2
233100;233100;;;STARFRUIT;SEASHELLS;4960.0;1;-2
233100;233100;;;AMETHYSTS;SEASHELLS;10002.0;1;-2
233200;233200;;;AMETHYSTS;SEASHELLS;9998.0;1;-2
233500;233500;;;AMETHYSTS;SEASHELLS;10002.0;1;-2
233900;233900;;;STARFRUIT;SEASHELLS;4953.0;4;-2
234500;234500;;;AMETHYSTS;SEASHELLS;9998.0;1;-2
234500;234500;;;STARFRUIT;SEASHELLS;4954.0;1;-2
234800;234800;;;AMETHYSTS;SEASHELLS;9998.0;1;-2
235400;235400;;;AMETHYSTS;SEASHELLS;9998.0;1;-2
235400;235400;;;STARFRUIT;SEASHELLS;4960.0;1;-2
235700;235700;;;AMETHYSTS;SEASHELLS;10002.0;1;-2
236100;236100;;;AMETHYSTS;SEASHELLS;9995.0;12;-2
236100;236100;;;AMETHYSTS;SEASHELLS;9998.0;1;-2
236100;236100;;;AMETHYSTS;SEASHELLS;9995.0;5;-2
236400;236400;;;AMETHYSTS;SEASHELLS;9998.0;1;-2
236400;236400;;;STARFRUIT;SEASHELLS;4956.0;2;-2
236400;236400;;;AMETHYSTS;SEASHELLS;9996.0;2;-2
236500;236500;;;AMETHYSTS;SEASHELLS;9995.0;2;-2
236500;236500;;;STARFRUIT;SEASHELLS;4957.0;1;-2
236500;236500;;;STARFRUIT;SEASHELLS;4964.0;13;-2
236600;236600;;;AMETHYSTS;SEASHELLS;10000.0;3;-2
236700;236700;;;STARFRUIT;SEASHELLS;4957.0;1;-2
236900;236900;;;STARFRUIT;SEASHELLS;4958.0;4;-2
237000;237000;;;STARFRUIT;SEASHELLS;4962.0;1;-2
237000;237000;;;AMETHYSTS;SEASHELLS;10005.0;1;-2
237000;237000;;;AMETHYSTS;SEASHELLS;10004.0;1;-2
237100;237100;;;AMETHYSTS;SEASHELLS;9998.0;1;-2
237100;237100;;;AMETHYSTS;SEASHELLS;9995.0;4;-2
237200;237200;;;STARFRUIT;SEASHELLS;4956.0;1;-2
237700;237700;;;STARFRUIT;SEASHELLS;4956.0;1;-2
237900;237900;;;AMETHYSTS;SEASHELLS;10004.0;1;-2
237900;237900;;;STARFRUIT;SEASHELLS;4961.0;1;-2
238000;238000;;;AMETHYSTS;SEASHELLS;10004.0;1;-2
238000;238000;;;STARFRUIT;SEASHELLS;4962.0;1;-2
238300;238300;;;STARFRUIT;SEASHELLS;4961.0;13;-2
238700;238700;;;STARFRUIT;SEASHELLS;4953.0;2;-2
238700;238700;;;AMETHYSTS;SEASHELLS;10002.0;1;-2
239100;239100;;;STARFRUIT;SEASHELLS;4953.0;1;-2
239200;239200;;;STARFRUIT;SEASHELLS;4958.0;1;-2
239300;239300;;;STARFRUIT;SEASHELLS;4957.0;5;-2
239400;239400;;;AMETHYSTS;SEASHELLS;10002.0;1;-2
239800;239800;;;AMETHYSTS;SEASHELLS;9998.0;1;-2
240100;240100;;;AMETHYSTS;SEASHELLS;9998.0;1;-2
240700;240700;;;AMETHYSTS;SEASHELLS;9998.0;1;-2
241000;241000;;;STARFRUIT;SEASHELLS;4953.0;1;-2
241200;241200;;;STARFRUIT;SEASHELLS;4954.0;1;-2
241200;241200;;;AMETHYSTS;SEASHELLS;9998.0;3;-2
241300;241300;;;AMETHYSTS;SEASHELLS;9998.0;8;-2
241300;241300;;;AMETHYSTS;SEASHELLS;9998.0;4;-2
241400;241400;;;AMETHYSTS;SEASHELLS;9996.0;1;-2
241400;241400;;;AMETHYSTS;SEASHELLS;9996.0;9;-2
241500;241500;;;STARFRUIT;SEASHELLS;4954.0;1;-2
241600;241600;;;STARFRUIT;SEASHELLS;4957.0;2;-2
241700;241700;;;STARFRUIT;SEASHELLS;4960.0;2;-2
241700;241700;;;AMETHYSTS;SEASHELLS;10002.0;2;-2
241800;241800;;;AMETHYSTS;SEASHELLS;10002.0;1;-2
242200;242200;;;AMETHYSTS;SEASHELLS;9998.0;1;-2
242300;242300;;;AMETHYSTS;SEASHELLS;10002.0;1;-2
242400;242400;;;STARFRUIT;SEASHELLS;4954.0;11;-2
242600;242600;;;STARFRUIT;SEASHELLS;4958.0;1;-2
242800;242800;;;AMETHYSTS;SEASHELLS;10005.0;8;-2
242900;242900;;;STARFRUIT;SEASHELLS;4958.0;1;-2
243100;243100;;;STARFRUIT;SEASHELLS;4952.0;1;-2
243200;243200;;;AMETHYSTS;SEASHELLS;10005.0;4;-2
243200;243200;;;STARFRUIT;SEASHELLS;4953.0;3;-2
243300;243300;;;AMETHYSTS;SEASHELLS;9998.0;3;-2
243400;243400;;;STARFRUIT;SEASHELLS;4957.0;1;-2
243400;243400;;;AMETHYSTS;SEASHELLS;9996.0;1;-2
243600;243600;;;STARFRUIT;SEASHELLS;4959.0;10;-2
243600;243600;;;STARFRUIT;SEASHELLS;4952.0;1;-2
243600;243600;;;STARFRUIT;SEASHELLS;4957.0;6;-2
243700;243700;;;AMETHYSTS;SEASHELLS;9996.0;1;-2
243700;243700;;;STARFRUIT;SEASHELLS;4952.0;2;-2
244100;244100;;;AMETHYSTS;SEASHELLS;9998.0;1;-2
244300;244300;;;STARFRUIT;SEASHELLS;4952.0;8;-2
244400;244400;;;AMETHYSTS;SEASHELLS;9998.0;1;-2
244700;244700;;;STARFRUIT;SEASHELLS;4958.0;1;-2
244900;244900;;;AMETHYSTS;SEASHELLS;10002.0;1;-2
245000;245000;;;AMETHYSTS;SEASHELLS;10002.0;8;-2
245200;245200;;;STARFRUIT;SEASHELLS;4954.0;1;-2
245300;245300;;;STARFRUIT;SEASHELLS;4954.0;12;-2
246100;246100;;;AMETHYSTS;SEASHELLS;10002.0;3;-2
246200;246200;;;AMETHYSTS;SEASHELLS;10002.0;3;-2
246700;246700;;;STARFRUIT;SEASHELLS;4957.0;4;-2
247100;247100;;;AMETHYSTS;SEASHELLS;9998.0;1;-2
247300;247300;;;STARFRUIT;SEASHELLS;4956.0;1;-2
247400;247400;;;STARFRUIT;SEASHELLS;4961.0;1;-2
247600;247600;;;AMETHYSTS;SEASHELLS;9998.0;2;-2
247600;247600;;;STARFRUIT;SEASHELLS;4957.0;1;-2
247600;247600;;;AMETHYSTS;SEASHELLS;9998.0;1;-2
247600;247600;;;AMETHYSTS;SEASHELLS;9998.0;4;-2
247700;247700;;;AMETHYSTS;SEASHELLS;9998.0;6;-2
247700;247700;;;AMETHYSTS;SEASHELLS;9996.0;2;-2
247700;247700;;;STARFRUIT;SEASHELLS;4957.0;2;-2
247900;247900;;;AMETHYSTS;SEASHELLS;9996.0;9;-2
247900;247900;;;AMETHYSTS;SEASHELLS;9996.0;1;-2
248400;248400;;;STARFRUIT;SEASHELLS;4956.0;1;-2
248400;248400;;;AMETHYSTS;SEASHELLS;9996.0;1;-2
248700;248700;;;AMETHYSTS;SEASHELLS;9998.0;1;-2
248700;248700;;;STARFRUIT;SEASHELLS;4956.0;10;-2
249000;249000;;;AMETHYSTS;SEASHELLS;10002.0;1;-2
249300;249300;;;AMETHYSTS;SEASHELLS;9998.0;1;-2
249400;249400;;;STARFRUIT;SEASHELLS;4956.0;1;-2
249400;249400;;;AMETHYSTS;SEASHELLS;9998.0;1;-2
249800;249800;;;AMETHYSTS;SEASHELLS;10002.0;1;-2
249900;249900;;;STARFRUIT;SEASHELLS;4960.0;1;-2
249900;249900;;;AMETHYSTS;SEASHELLS;10002.0;1;-2
250500;250500;;;AMETHYSTS;SEASHELLS;10005.0;2;-2
250500;250500;;;AMETHYSTS;SEASHELLS;10002.0;1;-2
250500;250500;;;STARFRUIT;SEASHELLS;4962.0;2;-2
250600;250600;;;STARFRUIT;SEASHELLS;4960.0;1;-2
250700;250700;;;AMETHYSTS;SEASHELLS;9998.0;3;-2
251100;251100;;;AMETHYSTS;SEASHELLS;10002.0;5;-2
251300;251300;;;STARFRUIT;SEASHELLS;4954.0;1;-2
251700;251700;;;AMETHYSTS;SEASHELLS;9996.0;2;-2
251700;251700;;;AMETHYSTS;SEASHELLS;9998.0;1;-2
251700;251700;;;AMETHYSTS;SEASHELLS;9996.0;2;-2
251900;251900;;;STARFRUIT;SEASHELLS;4955.0;8;-2
251900;251900;;;STARFRUIT;SEASHELLS;4954.0;15;-2
252300;252300;;;AMETHYSTS;SEASHELLS;10002.0;5;-2
252400;252400;;;STARFRUIT;SEASHELLS;4957.0;2;-2
252800;252800;;;STARFRUIT;SEASHELLS;4956.0;2;-2
252800;252800;;;AMETHYSTS;SEASHELLS;9996.0;2;-2
253500;253500;;;STARFRUIT;SEASHELLS;4955.0;1;-2
253500;253500;;;AMETHYSTS;SEASHELLS;9996.0;1;-2
253700;253700;;;STARFRUIT;SEASHELLS;4955.0;1;-2
253800;253800;;;AMETHYSTS;SEASHELLS;10002.0;1;-2
254000;254000;;;STARFRUIT;SEASHELLS;4962.0;2;-2
254000;254000;;;AMETHYSTS;SEASHELLS;10005.0;2;-2
254400;254400;;;STARFRUIT;SEASHELLS;4958.0;3;-2
254700;254700;;;STARFRUIT;SEASHELLS;4963.0;1;-2
254700;254700;;;AMETHYSTS;SEASHELLS;10004.0;1;-2
254800;254800;;;AMETHYSTS;SEASHELLS;10002.0;1;-2
255000;255000;;;STARFRUIT;SEASHELLS;4955.0;1;-2
255100;255100;;;AMETHYSTS;SEASHELLS;9996.0;1;-2
255100;255100;;;STARFRUIT;SEASHELLS;4956.0;1;-2
255400;255400;;;STARFRUIT;SEASHELLS;4956.0;1;-2
256000;256000;;;STARFRUIT;SEASHELLS;4959.0;1;-2
256100;256100;;;STARFRUIT;SEASHELLS;4958.0;4;-2
256500;256500;;;STARFRUIT;SEASHELLS;4960.0;6;-2
256700;256700;;;STARFRUIT;SEASHELLS;4958.0;7;-2
256900;256900;;;STARFRUIT;SEASHELLS;4959.0;1;-2
257000;257000;;;AMETHYSTS;SEASHELLS;10002.0;1;-2
257100;257100;;;STARFRUIT;SEASHELLS;4959.0;1;-2
257600;257600;;;AMETHYSTS;SEASHELLS;9996.0;1;-2
257600;257600;;;STARFRUIT;SEASHELLS;4954.0;1;-2
258000;258000;;;AMETHYSTS;SEASHELLS;9998.0;1;-2
258200;258200;;;AMETHYSTS;SEASHELLS;9995.0;2;-2
258200;258200;;;STARFRUIT;SEASHELLS;4953.0;2;-2
258400;258400;;;AMETHYSTS;SEASHELLS;10005.0;5;-2
258400;258400;;;STARFRUIT;SEASHELLS;4952.0;1;-2
259300;259300;;;STARFRUIT;SEASHELLS;4953.0;1;-2
259300;259300;;;AMETHYSTS;SEASHELLS;9998.0;1;-2
259500;259500;;;STARFRUIT;SEASHELLS;4957.0;1;-2
259800;259800;;;STARFRUIT;SEASHELLS;4951.0;2;-2
260000;260000;;;AMETHYSTS;SEASHELLS;10002.0;1;-2
260200;260200;;;AMETHYSTS;SEASHELLS;9995.0;1;-2
260200;260200;;;STARFRUIT;SEASHELLS;4951.0;1;-2
260300;260300;;;AMETHYSTS;SEASHELLS;10002.0;1;-2
260300;260300;;;STARFRUIT;SEASHELLS;4951.0;1;-2
260600;260600;;;STARFRUIT;SEASHELLS;4951.0;1;-2
260600;260600;;;AMETHYSTS;SEASHELLS;10004.0;1;-2
261000;261000;;;STARFRUIT;SEASHELLS;4956.0;1;-2
261200;261200;;;AMETHYSTS;SEASHELLS;10002.0;1;-2
261300;261300;;;AMETHYSTS;SEASHELLS;10002.0;1;-2
261500;261500;;;STARFRUIT;SEASHELLS;4952.0;1;-2
261500;261500;;;AMETHYSTS;SEASHELLS;9998.0;1;-2
261600;261600;;;AMETHYSTS;SEASHELLS;10002.0;1;-2
261700;261700;;;STARFRUIT;SEASHELLS;4957.0;6;-2
261800;261800;;;STARFRUIT;SEASHELLS;4957.0;1;-2
261900;261900;;;STARFRUIT;SEASHELLS;4952.0;1;-2
262200;262200;;;AMETHYSTS;SEASHELLS;10005.0;2;-2
262200;262200;;;STARFRUIT;SEASHELLS;4960.0;2;-2
262400;262400;;;AMETHYSTS;SEASHELLS;10002.0;1;-2
262500;262500;;;AMETHYSTS;SEASHELLS;9998.0;2;-2
262800;262800;;;STARFRUIT;SEASHELLS;4959.0;7;-2
262800;262800;;;STARFRUIT;SEASHELLS;4954.0;1;-2
262900;262900;;;STARFRUIT;SEASHELLS;4961.0;13;-2
262900;262900;;;STARFRUIT;SEASHELLS;4959.0;1;-2
263700;263700;;;STARFRUIT;SEASHELLS;4954.0;1;-2
263800;263800;;;AMETHYSTS;SEASHELLS;10002.0;1;-2
264700;264700;;;AMETHYSTS;SEASHELLS;9998.0;1;-2
264800;264800;;;STARFRUIT;SEASHELLS;4958.0;1;-2
265000;265000;;;AMETHYSTS;SEASHELLS;9998.0;1;-2
265500;265500;;;STARFRUIT;SEASHELLS;4955.0;4;-2
265700;265700;;;STARFRUIT;SEASHELLS;4957.0;2;-2
265700;265700;;;AMETHYSTS;SEASHELLS;10004.0;2;-2
265900;265900;;;AMETHYSTS;SEASHELLS;10000.0;1;-2
265900;265900;;;STARFRUIT;SEASHELLS;4958.0;1;-2
266000;266000;;;STARFRUIT;SEASHELLS;4953.0;1;-2
266000;266000;;;AMETHYSTS;SEASHELLS;9998.0;3;-2
266300;266300;;;STARFRUIT;SEASHELLS;4953.0;1;-2
266500;266500;;;STARFRUIT;SEASHELLS;4958.0;1;-2
266700;266700;;;AMETHYSTS;SEASHELLS;10002.0;1;-2
266800;266800;;;STARFRUIT;SEASHELLS;4960.0;1;-2
266800;266800;;;AMETHYSTS;SEASHELLS;10004.0;1;-2
267000;267000;;;AMETHYSTS;SEASHELLS;10002.0;5;-2
267000;267000;;;STARFRUIT;SEASHELLS;4954.0;4;-2
267000;267000;;;STARFRUIT;SEASHELLS;4953.0;1;-2
267000;267000;;;STARFRUIT;SEASHELLS;4954.0;4;-2
267600;267600;;;AMETHYSTS;SEASHELLS;10002.0;1;-2
268500;268500;;;STARFRUIT;SEASHELLS;4955.0;9;-2
268800;268800;;;AMETHYSTS;SEASHELLS;10004.0;2;-2
268800;268800;;;STARFRUIT;SEASHELLS;4957.0;4;-2
269000;269000;;;AMETHYSTS;SEASHELLS;9996.0;1;-2
269000;269000;;;AMETHYSTS;SEASHELLS;9996.0;1;-2
269000;269000;;;STARFRUIT;SEASHELLS;4955.0;2;-2
269200;269200;;;STARFRUIT;SEASHELLS;4959.0;2;-2
269200;269200;;;STARFRUIT;SEASHELLS;4960.0;1;-2
269200;269200;;;AMETHYSTS;SEASHELLS;10002.0;8;-2
269400;269400;;;AMETHYSTS;SEASHELLS;9995.0;5;-2
269700;269700;;;AMETHYSTS;SEASHELLS;9998.0;1;-2
269800;269800;;;STARFRUIT;SEASHELLS;4960.0;1;-2
269800;269800;;;AMETHYSTS;SEASHELLS;10002.0;1;-2
269800;269800;;;AMETHYSTS;SEASHELLS;10002.0;2;-2
269900;269900;;;STARFRUIT;SEASHELLS;4961.0;1;-2
270100;270100;;;STARFRUIT;SEASHELLS;4956.0;1;-2
270200;270200;;;AMETHYSTS;SEASHELLS;9998.0;1;-2
270300;270300;;;STARFRUIT;SEASHELLS;4956.0;1;-2
270400;270400;;;AMETHYSTS;SEASHELLS;10005.0;5;-2
270600;270600;;;STARFRUIT;SEASHELLS;4961.0;1;-2
270700;270700;;;STARFRUIT;SEASHELLS;4957.0;1;-2
270900;270900;;;AMETHYSTS;SEASHELLS;10004.0;2;-2
270900;270900;;;STARFRUIT;SEASHELLS;4963.0;2;-2
271600;271600;;;AMETHYSTS;SEASHELLS;9998.0;1;-2
271700;271700;;;STARFRUIT;SEASHELLS;4961.0;4;-2
271700;271700;;;STARFRUIT;SEASHELLS;4956.0;1;-2
271700;271700;;;STARFRUIT;SEASHELLS;4961.0;3;-2
271800;271800;;;AMETHYSTS;SEASHELLS;10004.0;2;-2
272100;272100;;;STARFRUIT;SEASHELLS;4962.0;1;-2
272200;272200;;;STARFRUIT;SEASHELLS;4957.0;1;-2
272300;272300;;;AMETHYSTS;SEASHELLS;10002.0;2;-2
272700;272700;;;AMETHYSTS;SEASHELLS;9998.0;1;-2
272800;272800;;;AMETHYSTS;SEASHELLS;10004.0;1;-2
272800;272800;;;STARFRUIT;SEASHELLS;4964.0;1;-2
272800;272800;;;AMETHYSTS;SEASHELLS;10005.0;2;-2
273400;273400;;;AMETHYSTS;SEASHELLS;9996.0;2;-2
273400;273400;;;AMETHYSTS;SEASHELLS;9996.0;6;-2
274200;274200;;;STARFRUIT;SEASHELLS;4965.0;1;-2
274800;274800;;;STARFRUIT;SEASHELLS;4960.0;9;-2
275000;275000;;;STARFRUIT;SEASHELLS;4964.0;1;-2
275600;275600;;;AMETHYSTS;SEASHELLS;9998.0;1;-2
276500;276500;;;AMETHYSTS;SEASHELLS;9998.0;1;-2
276800;276800;;;STARFRUIT;SEASHELLS;4965.0;4;-2
276900;276900;;;STARFRUIT;SEASHELLS;4965.0;4;-2
277000;277000;;;AMETHYSTS;SEASHELLS;9996.0;2;-2
277000;277000;;;STARFRUIT;SEASHELLS;4962.0;1;-2
277000;277000;;;STARFRUIT;SEASHELLS;4961.0;2;-2
277800;277800;;;STARFRUIT;SEASHELLS;4962.0;5;-2
278000;278000;;;STARFRUIT;SEASHELLS;4963.0;4;-2
278200;278200;;;STARFRUIT;SEASHELLS;4961.0;1;-2
278200;278200;;;AMETHYSTS;SEASHELLS;9998.0;3;-2
278500;278500;;;AMETHYSTS;SEASHELLS;9996.0;1;-2
279300;279300;;;STARFRUIT;SEASHELLS;4960.0;1;-2
279400;279400;;;AMETHYSTS;SEASHELLS;9996.0;2;-2
279400;279400;;;AMETHYSTS;SEASHELLS;9995.0;2;-2
279400;279400;;;STARFRUIT;SEASHELLS;4960.0;2;-2
279900;279900;;;STARFRUIT;SEASHELLS;4960.0;2;-2
279900;279900;;;AMETHYSTS;SEASHELLS;9996.0;1;-2
280200;280200;;;STARFRUIT;SEASHELLS;4960.0;2;-2
280300;280300;;;STARFRUIT;SEASHELLS;4960.0;1;-2
280400;280400;;;AMETHYSTS;SEASHELLS;10004.0;2;-2
280400;280400;;;STARFRUIT;SEASHELLS;4961.0;3;-2
280400;280400;;;STARFRUIT;SEASHELLS;4966.0;2;-2
280900;280900;;;AMETHYSTS;SEASHELLS;10000.0;2;-2
281100;281100;;;AMETHYSTS;SEASHELLS;10002.0;5;-2
282200;282200;;;STARFRUIT;SEASHELLS;4961.0;1;-2
282400;282400;;;AMETHYSTS;SEASHELLS;10002.0;1;-2
282500;282500;;;AMETHYSTS;SEASHELLS;9995.0;2;-2
282600;282600;;;STARFRUIT;SEASHELLS;4968.0;13;-2
283100;283100;;;STARFRUIT;SEASHELLS;4961.0;6;-2
283300;283300;;;STARFRUIT;SEASHELLS;4968.0;2;-2
283300;283300;;;AMETHYSTS;SEASHELLS;10004.0;1;-2
283300;283300;;;AMETHYSTS;SEASHELLS;10004.0;1;-2
283600;283600;;;AMETHYSTS;SEASHELLS;10002.0;1;-2
283700;283700;;;AMETHYSTS;SEASHELLS;9998.0;1;-2
284300;284300;;;AMETHYSTS;SEASHELLS;9998.0;1;-2
284500;284500;;;STARFRUIT;SEASHELLS;4961.0;2;-2
284500;284500;;;AMETHYSTS;SEASHELLS;9996.0;2;-2
284700;284700;;;STARFRUIT;SEASHELLS;4960.0;1;-2
285100;285100;;;AMETHYSTS;SEASHELLS;9996.0;1;-2
285100;285100;;;STARFRUIT;SEASHELLS;4961.0;1;-2
285200;285200;;;STARFRUIT;SEASHELLS;4967.0;5;-2
285700;285700;;;AMETHYSTS;SEASHELLS;9996.0;2;-2
285700;285700;;;STARFRUIT;SEASHELLS;4961.0;2;-2
286000;286000;;;STARFRUIT;SEASHELLS;4963.0;4;-2
286000;286000;;;STARFRUIT;SEASHELLS;4963.0;2;-2
286000;286000;;;AMETHYSTS;SEASHELLS;9998.0;1;-2
286500;286500;;;STARFRUIT;SEASHELLS;4965.0;10;-2
286900;286900;;;STARFRUIT;SEASHELLS;4959.0;2;-2
287000;287000;;;STARFRUIT;SEASHELLS;4963.0;1;-2
288100;288100;;;STARFRUIT;SEASHELLS;4958.0;1;-2
288100;288100;;;AMETHYSTS;SEASHELLS;10002.0;4;-2
288100;288100;;;AMETHYSTS;SEASHELLS;10002.0;1;-2
288600;288600;;;STARFRUIT;SEASHELLS;4957.0;1;-2
288600;288600;;;STARFRUIT;SEASHELLS;4958.0;4;-2
288900;288900;;;STARFRUIT;SEASHELLS;4960.0;1;-2
288900;288900;;;STARFRUIT;SEASHELLS;4961.0;1;-2
288900;288900;;;AMETHYSTS;SEASHELLS;10004.0;1;-2
289400;289400;;;STARFRUIT;SEASHELLS;4961.0;1;-2
289800;289800;;;AMETHYSTS;SEASHELLS;10004.0;2;-2
289900;289900;;;STARFRUIT;SEASHELLS;4961.0;3;-2
290200;290200;;;STARFRUIT;SEASHELLS;4957.0;1;-2
290300;290300;;;AMETHYSTS;SEASHELLS;9998.0;1;-2
290300;290300;;;STARFRUIT;SEASHELLS;4963.0;1;-2
291400;291400;;;AMETHYSTS;SEASHELLS;9995.0;4;-2
291400;291400;;;STARFRUIT;SEASHELLS;4960.0;1;-2
291500;291500;;;AMETHYSTS;SEASHELLS;9998.0;1;-2
291700;291700;;;STARFRUIT;SEASHELLS;4959.0;1;-2
291700;291700;;;AMETHYSTS;SEASHELLS;9998.0;1;-2
292200;292200;;;AMETHYSTS;SEASHELLS;10002.0;1;-2
292300;292300;;;AMETHYSTS;SEASHELLS;9996.0;2;-2
292300;292300;;;STARFRUIT;SEASHELLS;4957.0;2;-2
292400;292400;;;STARFRUIT;SEASHELLS;4959.0;3;-2
292400;292400;;;AMETHYSTS;SEASHELLS;10002.0;1;-2
292500;292500;;;AMETHYSTS;SEASHELLS;10002.0;3;-2
292500;292500;;;AMETHYSTS;SEASHELLS;10002.0;2;-2
292800;292800;;;AMETHYSTS;SEASHELLS;10002.0;1;-2
292800;292800;;;STARFRUIT;SEASHELLS;4958.0;1;-2
293000;293000;;;STARFRUIT;SEASHELLS;4958.0;1;-2
293100;293100;;;STARFRUIT;SEASHELLS;4958.0;1;-2
293400;293400;;;STARFRUIT;SEASHELLS;4958.0;1;-2
293500;293500;;;STARFRUIT;SEASHELLS;4963.0;2;-2
293500;293500;;;STARFRUIT;SEASHELLS;4963.0;5;-2
293700;293700;;;AMETHYSTS;SEASHELLS;10002.0;1;-2
293800;293800;;;STARFRUIT;SEASHELLS;4961.0;5;-2
294200;294200;;;STARFRUIT;SEASHELLS;4959.0;5;-2
294600;294600;;;STARFRUIT;SEASHELLS;4956.0;9;-2
294700;294700;;;STARFRUIT;SEASHELLS;4955.0;12;-2
294900;294900;;;STARFRUIT;SEASHELLS;4955.0;1;-2
294900;294900;;;AMETHYSTS;SEASHELLS;9995.0;1;-2
295300;295300;;;STARFRUIT;SEASHELLS;4956.0;1;-2
295700;295700;;;STARFRUIT;SEASHELLS;4963.0;2;-2
295700;295700;;;AMETHYSTS;SEASHELLS;10004.0;1;-2
295800;295800;;;AMETHYSTS;SEASHELLS;10002.0;1;-2
295800;295800;;;STARFRUIT;SEASHELLS;4956.0;1;-2
296200;296200;;;AMETHYSTS;SEASHELLS;10002.0;1;-2
296300;296300;;;STARFRUIT;SEASHELLS;4963.0;1;-2
296400;296400;;;AMETHYSTS;SEASHELLS;9998.0;5;-2
296500;296500;;;STARFRUIT;SEASHELLS;4958.0;10;-2
297100;297100;;;STARFRUIT;SEASHELLS;4964.0;1;-2
297300;297300;;;AMETHYSTS;SEASHELLS;10004.0;2;-2
297400;297400;;;STARFRUIT;SEASHELLS;4968.0;1;-2
297400;297400;;;STARFRUIT;SEASHELLS;4962.0;1;-2
297400;297400;;;AMETHYSTS;SEASHELLS;9998.0;2;-2
297500;297500;;;STARFRUIT;SEASHELLS;4961.0;11;-2
297700;297700;;;AMETHYSTS;SEASHELLS;10002.0;1;-2
297800;297800;;;AMETHYSTS;SEASHELLS;10002.0;3;-2
298100;298100;;;STARFRUIT;SEASHELLS;4961.0;1;-2
298100;298100;;;AMETHYSTS;SEASHELLS;9998.0;2;-2
298600;298600;;;STARFRUIT;SEASHELLS;4963.0;1;-2
298800;298800;;;STARFRUIT;SEASHELLS;4968.0;1;-2
298900;298900;;;STARFRUIT;SEASHELLS;4965.0;1;-2
298900;298900;;;STARFRUIT;SEASHELLS;4965.0;1;-2
299400;299400;;;STARFRUIT;SEASHELLS;4961.0;11;-2
299500;299500;;;AMETHYSTS;SEASHELLS;9995.0;5;-2
299600;299600;;;STARFRUIT;SEASHELLS;4966.0;1;-2
299700;299700;;;STARFRUIT;SEASHELLS;4964.0;2;-2
299700;299700;;;STARFRUIT;SEASHELLS;4966.0;1;-2
300500;300500;;;STARFRUIT;SEASHELLS;4963.0;3;-2
300800;300800;;;STARFRUIT;SEASHELLS;4967.0;1;-2
300800;300800;;;AMETHYSTS;SEASHELLS;10005.0;1;-2
301400;301400;;;STARFRUIT;SEASHELLS;4965.0;2;-2
301400;301400;;;AMETHYSTS;SEASHELLS;10005.0;2;-2
301500;301500;;;AMETHYSTS;SEASHELLS;10002.0;1;-2
301700;301700;;;STARFRUIT;SEASHELLS;4960.0;1;-2
301800;301800;;;STARFRUIT;SEASHELLS;4961.0;3;-2
301800;301800;;;STARFRUIT;SEASHELLS;4960.0;11;-2
302100;302100;;;AMETHYSTS;SEASHELLS;10004.0;1;-2
302100;302100;;;STARFRUIT;SEASHELLS;4964.0;2;-2
302100;302100;;;STARFRUIT;SEASHELLS;4966.0;1;-2
302100;302100;;;STARFRUIT;SEASHELLS;4965.0;1;-2
302400;302400;;;AMETHYSTS;SEASHELLS;9998.0;1;-2
302400;302400;;;AMETHYSTS;SEASHELLS;9998.0;4;-2
302500;302500;;;AMETHYSTS;SEASHELLS;9998.0;1;-2
302500;302500;;;STARFRUIT;SEASHELLS;4960.0;5;-2
302600;302600;;;STARFRUIT;SEASHELLS;4959.0;7;-2
302900;302900;;;STARFRUIT;SEASHELLS;4960.0;1;-2
303100;303100;;;STARFRUIT;SEASHELLS;4960.0;1;-2
303100;303100;;;AMETHYSTS;SEASHELLS;10005.0;2;-2
303600;303600;;;STARFRUIT;SEASHELLS;4961.0;1;-2
303600;303600;;;AMETHYSTS;SEASHELLS;9998.0;5;-2
303700;303700;;;STARFRUIT;SEASHELLS;4962.0;4;-2
303700;303700;;;AMETHYSTS;SEASHELLS;10002.0;1;-2
303900;303900;;;STARFRUIT;SEASHELLS;4962.0;3;-2
303900;303900;;;STARFRUIT;SEASHELLS;4962.0;2;-2
303900;303900;;;STARFRUIT;SEASHELLS;4962.0;2;-2
304200;304200;;;STARFRUIT;SEASHELLS;4961.0;8;-2
304200;304200;;;STARFRUIT;SEASHELLS;4962.0;4;-2
304800;304800;;;STARFRUIT;SEASHELLS;4960.0;5;-2
305100;305100;;;AMETHYSTS;SEASHELLS;9998.0;1;-2
305700;305700;;;STARFRUIT;SEASHELLS;4961.0;5;-2
305900;305900;;;AMETHYSTS;SEASHELLS;10002.0;3;-2
306200;306200;;;STARFRUIT;SEASHELLS;4960.0;12;-2
306300;306300;;;AMETHYSTS;SEASHELLS;9998.0;1;-2
306700;306700;;;AMETHYSTS;SEASHELLS;9998.0;2;-2
307400;307400;;;AMETHYSTS;SEASHELLS;9998.0;1;-2
307500;307500;;;STARFRUIT;SEASHELLS;4960.0;1;-2
307900;307900;;;AMETHYSTS;SEASHELLS;10004.0;1;-2
307900;307900;;;STARFRUIT;SEASHELLS;4966.0;1;-2
308000;308000;;;AMETHYSTS;SEASHELLS;10002.0;1;-2
308200;308200;;;AMETHYSTS;SEASHELLS;9996.0;1;-2
308200;308200;;;STARFRUIT;SEASHELLS;4960.0;1;-2
308300;308300;;;STARFRUIT;SEASHELLS;4960.0;1;-2
308300;308300;;;AMETHYSTS;SEASHELLS;10002.0;1;-2
308400;308400;;;STARFRUIT;SEASHELLS;4960.0;2;-2
308500;308500;;;STARFRUIT;SEASHELLS;4959.0;1;-2
308600;308600;;;STARFRUIT;SEASHELLS;4959.0;1;-2
309600;309600;;;AMETHYSTS;SEASHELLS;9998.0;2;-2
309600;309600;;;STARFRUIT;SEASHELLS;4959.0;2;-2
309800;309800;;;AMETHYSTS;SEASHELLS;9998.0;1;-2
310300;310300;;;STARFRUIT;SEASHELLS;4961.0;2;-2
310500;310500;;;STARFRUIT;SEASHELLS;4964.0;1;-2
310600;310600;;;AMETHYSTS;SEASHELLS;10002.0;1;-2
310800;310800;;;STARFRUIT;SEASHELLS;4963.0;1;-2
310900;310900;;;AMETHYSTS;SEASHELLS;10004.0;2;-2
311500;311500;;;STARFRUIT;SEASHELLS;4957.0;11;-2
311700;311700;;;STARFRUIT;SEASHELLS;4958.0;2;-2
311700;311700;;;AMETHYSTS;SEASHELLS;9996.0;2;-2
312300;312300;;;AMETHYSTS;SEASHELLS;9996.0;2;-2
312300;312300;;;STARFRUIT;SEASHELLS;4957.0;2;-2
312600;312600;;;AMETHYSTS;SEASHELLS;10004.0;2;-2
312600;312600;;;AMETHYSTS;SEASHELLS;10004.0;8;-2
313100;313100;;;STARFRUIT;SEASHELLS;4957.0;1;-2
313100;313100;;;AMETHYSTS;SEASHELLS;9996.0;1;-2
313100;313100;;;AMETHYSTS;SEASHELLS;9996.0;2;-2
313200;313200;;;STARFRUIT;SEASHELLS;4957.0;1;-2
313600;313600;;;AMETHYSTS;SEASHELLS;10005.0;5;-2
313700;313700;;;AMETHYSTS;SEASHELLS;9998.0;2;-2
313700;313700;;;AMETHYSTS;SEASHELLS;9998.0;2;-2
314000;314000;;;AMETHYSTS;SEASHELLS;10002.0;1;-2
314100;314100;;;AMETHYSTS;SEASHELLS;10002.0;1;-2
314200;314200;;;STARFRUIT;SEASHELLS;4961.0;11;-2
314200;314200;;;STARFRUIT;SEASHELLS;4958.0;2;-2
314700;314700;;;STARFRUIT;SEASHELLS;4955.0;2;-2
314700;314700;;;AMETHYSTS;SEASHELLS;10002.0;1;-2
315300;315300;;;AMETHYSTS;SEASHELLS;10002.0;5;-2
315500;315500;;;STARFRUIT;SEASHELLS;4962.0;12;-2
315500;315500;;;STARFRUIT;SEASHELLS;4962.0;2;-2
315500;315500;;;AMETHYSTS;SEASHELLS;9998.0;2;-2
315800;315800;;;STARFRUIT;SEASHELLS;4964.0;1;-2
315800;315800;;;AMETHYSTS;SEASHELLS;10002.0;1;-2
316200;316200;;;AMETHYSTS;SEASHELLS;10004.0;2;-2
316200;316200;;;STARFRUIT;SEASHELLS;4964.0;2;-2
316600;316600;;;STARFRUIT;SEASHELLS;4966.0;1;-2
316600;316600;;;AMETHYSTS;SEASHELLS;10005.0;1;-2
316800;316800;;;STARFRUIT;SEASHELLS;4960.0;1;-2
316900;316900;;;STARFRUIT;SEASHELLS;4965.0;1;-2
317400;317400;;;STARFRUIT;SEASHELLS;4960.0;1;-2
317700;317700;;;AMETHYSTS;SEASHELLS;10002.0;1;-2
317800;317800;;;AMETHYSTS;SEASHELLS;9998.0;3;-2
317900;317900;;;STARFRUIT;SEASHELLS;4964.0;1;-2
318000;318000;;;AMETHYSTS;SEASHELLS;9998.0;1;-2
318600;318600;;;AMETHYSTS;SEASHELLS;10002.0;2;-2
318700;318700;;;STARFRUIT;SEASHELLS;4966.0;1;-2
318800;318800;;;STARFRUIT;SEASHELLS;4962.0;3;-2
319000;319000;;;AMETHYSTS;SEASHELLS;9998.0;1;-2
319500;319500;;;STARFRUIT;SEASHELLS;4961.0;1;-2
319600;319600;;;STARFRUIT;SEASHELLS;4964.0;5;-2
319800;319800;;;AMETHYSTS;SEASHELLS;10002.0;1;-2
320100;320100;;;AMETHYSTS;SEASHELLS;9998.0;1;-2
320300;320300;;;AMETHYSTS;SEASHELLS;10004.0;1;-2
320300;320300;;;STARFRUIT;SEASHELLS;4969.0;1;-2
320500;320500;;;STARFRUIT;SEASHELLS;4963.0;1;-2
320900;320900;;;AMETHYSTS;SEASHELLS;10005.0;3;-2
321100;321100;;;STARFRUIT;SEASHELLS;4965.0;4;-2
321300;321300;;;STARFRUIT;SEASHELLS;4968.0;2;-2
321300;321300;;;AMETHYSTS;SEASHELLS;10004.0;2;-2
321600;321600;;;STARFRUIT;SEASHELLS;4961.0;1;-2
321800;321800;;;STARFRUIT;SEASHELLS;4960.0;1;-2
321900;321900;;;AMETHYSTS;SEASHELLS;9996.0;1;-2
321900;321900;;;STARFRUIT;SEASHELLS;4960.0;1;-2
322000;322000;;;STARFRUIT;SEASHELLS;4960.0;1;-2
322100;322100;;;STARFRUIT;SEASHELLS;4960.0;1;-2
322900;322900;;;STARFRUIT;SEASHELLS;4960.0;1;-2
323200;323200;;;STARFRUIT;SEASHELLS;4966.0;15;-2
323900;323900;;;STARFRUIT;SEASHELLS;4963.0;4;-2
324100;324100;;;AMETHYSTS;SEASHELLS;9998.0;2;-2
324100;324100;;;STARFRUIT;SEASHELLS;4960.0;2;-2
324200;324200;;;STARFRUIT;SEASHELLS;4965.0;5;-2
324200;324200;;;AMETHYSTS;SEASHELLS;9998.0;1;-2
324300;324300;;;STARFRUIT;SEASHELLS;4966.0;1;-2
324600;324600;;;AMETHYSTS;SEASHELLS;9995.0;6;-2
325000;325000;;;AMETHYSTS;SEASHELLS;10005.0;5;-2
325100;325100;;;STARFRUIT;SEASHELLS;4961.0;1;-2
325100;325100;;;AMETHYSTS;SEASHELLS;9996.0;1;-2
325500;325500;;;STARFRUIT;SEASHELLS;4967.0;1;-2
326000;326000;;;AMETHYSTS;SEASHELLS;9996.0;2;-2
326200;326200;;;STARFRUIT;SEASHELLS;4963.0;1;-2
326300;326300;;;STARFRUIT;SEASHELLS;4964.0;1;-2
326400;326400;;;STARFRUIT;SEASHELLS;4969.0;1;-2
326600;326600;;;STARFRUIT;SEASHELLS;4969.0;1;-2
326700;326700;;;STARFRUIT;SEASHELLS;4969.0;1;-2
326900;326900;;;AMETHYSTS;SEASHELLS;10002.0;1;-2
326900;326900;;;STARFRUIT;SEASHELLS;4964.0;1;-2
327000;327000;;;STARFRUIT;SEASHELLS;4963.0;15;-2
327100;327100;;;AMETHYSTS;SEASHELLS;10002.0;2;-2
327700;327700;;;STARFRUIT;SEASHELLS;4966.0;1;-2
327800;327800;;;STARFRUIT;SEASHELLS;4966.0;1;-2
327800;327800;;;AMETHYSTS;SEASHELLS;9996.0;1;-2
328000;328000;;;STARFRUIT;SEASHELLS;4971.0;7;-2
328400;328400;;;STARFRUIT;SEASHELLS;4968.0;2;-2
328400;328400;;;STARFRUIT;SEASHELLS;4967.0;1;-2
328600;328600;;;STARFRUIT;SEASHELLS;4972.0;1;-2
328900;328900;;;STARFRUIT;SEASHELLS;4967.0;1;-2
329000;329000;;;STARFRUIT;SEASHELLS;4972.0;1;-2
329100;329100;;;AMETHYSTS;SEASHELLS;10005.0;10;-2
329300;329300;;;AMETHYSTS;SEASHELLS;9998.0;1;-2
329700;329700;;;AMETHYSTS;SEASHELLS;9998.0;1;-2
329800;329800;;;AMETHYSTS;SEASHELLS;10004.0;1;-2
329800;329800;;;AMETHYSTS;SEASHELLS;10004.0;3;-2
330400;330400;;;STARFRUIT;SEASHELLS;4968.0;1;-2
330600;330600;;;AMETHYSTS;SEASHELLS;9998.0;3;-2
330600;330600;;;AMETHYSTS;SEASHELLS;9998.0;2;-2
331100;331100;;;AMETHYSTS;SEASHELLS;10002.0;1;-2
331200;331200;;;AMETHYSTS;SEASHELLS;10002.0;1;-2
331300;331300;;;STARFRUIT;SEASHELLS;4969.0;1;-2
331400;331400;;;AMETHYSTS;SEASHELLS;9998.0;1;-2
331600;331600;;;STARFRUIT;SEASHELLS;4973.0;4;-2
331700;331700;;;AMETHYSTS;SEASHELLS;9998.0;1;-2
331800;331800;;;AMETHYSTS;SEASHELLS;9998.0;1;-2
331800;331800;;;AMETHYSTS;SEASHELLS;10000.0;1;-2
331800;331800;;;STARFRUIT;SEASHELLS;4972.0;1;-2
332200;332200;;;STARFRUIT;SEASHELLS;4969.0;8;-2
332200;332200;;;STARFRUIT;SEASHELLS;4969.0;2;-2
332500;332500;;;AMETHYSTS;SEASHELLS;10002.0;1;-2
333100;333100;;;AMETHYSTS;SEASHELLS;10004.0;2;-2
333100;333100;;;STARFRUIT;SEASHELLS;4976.0;2;-2
333300;333300;;;STARFRUIT;SEASHELLS;4970.0;1;-2
333500;333500;;;AMETHYSTS;SEASHELLS;9995.0;9;-2
333600;333600;;;STARFRUIT;SEASHELLS;4972.0;2;-2
333900;333900;;;AMETHYSTS;SEASHELLS;10002.0;2;-2
334100;334100;;;STARFRUIT;SEASHELLS;4971.0;1;-2
334300;334300;;;STARFRUIT;SEASHELLS;4970.0;1;-2
334500;334500;;;STARFRUIT;SEASHELLS;4971.0;1;-2
335000;335000;;;STARFRUIT;SEASHELLS;4976.0;1;-2
335300;335300;;;AMETHYSTS;SEASHELLS;9998.0;1;-2
335400;335400;;;AMETHYSTS;SEASHELLS;10002.0;1;-2
335500;335500;;;STARFRUIT;SEASHELLS;4970.0;12;-2
335600;335600;;;STARFRUIT;SEASHELLS;4974.0;6;-2
335800;335800;;;AMETHYSTS;SEASHELLS;9998.0;1;-2
336000;336000;;;AMETHYSTS;SEASHELLS;9995.0;8;-2
336200;336200;;;STARFRUIT;SEASHELLS;4979.0;1;-2
336200;336200;;;AMETHYSTS;SEASHELLS;9998.0;1;-2
336400;336400;;;STARFRUIT;SEASHELLS;4977.0;1;-2
336500;336500;;;AMETHYSTS;SEASHELLS;9998.0;3;-2
336600;336600;;;STARFRUIT;SEASHELLS;4972.0;2;-2
336600;336600;;;AMETHYSTS;SEASHELLS;9996.0;2;-2
336700;336700;;;STARFRUIT;SEASHELLS;4972.0;1;-2
336800;336800;;;AMETHYSTS;SEASHELLS;9996.0;1;-2
336800;336800;;;AMETHYSTS;SEASHELLS;9996.0;2;-2
336800;336800;;;AMETHYSTS;SEASHELLS;9998.0;1;-2
336900;336900;;;STARFRUIT;SEASHELLS;4972.0;1;-2
337100;337100;;;AMETHYSTS;SEASHELLS;9998.0;1;-2
337200;337200;;;AMETHYSTS;SEASHELLS;9998.0;2;-2
337200;337200;;;STARFRUIT;SEASHELLS;4975.0;2;-2
337200;337200;;;AMETHYSTS;SEASHELLS;9998.0;2;-2
337500;337500;;;AMETHYSTS;SEASHELLS;10002.0;5;-2
337600;337600;;;AMETHYSTS;SEASHELLS;9996.0;1;-2
337600;337600;;;STARFRUIT;SEASHELLS;4971.0;1;-2
337800;337800;;;STARFRUIT;SEASHELLS;4972.0;7;-2
337900;337900;;;STARFRUIT;SEASHELLS;4972.0;1;-2
338200;338200;;;STARFRUIT;SEASHELLS;4972.0;3;-2
338300;338300;;;AMETHYSTS;SEASHELLS;10004.0;1;-2
338300;338300;;;STARFRUIT;SEASHELLS;4969.0;1;-2
338300;338300;;;STARFRUIT;SEASHELLS;4973.0;1;-2
338600;338600;;;STARFRUIT;SEASHELLS;4973.0;1;-2
339000;339000;;;AMETHYSTS;SEASHELLS;9998.0;1;-2
339600;339600;;;STARFRUIT;SEASHELLS;4974.0;1;-2
339900;339900;;;AMETHYSTS;SEASHELLS;9998.0;1;-2
340100;340100;;;STARFRUIT;SEASHELLS;4974.0;1;-2
340500;340500;;;STARFRUIT;SEASHELLS;4974.0;1;-2
340700;340700;;;AMETHYSTS;SEASHELLS;9996.0;2;-2
340700;340700;;;AMETHYSTS;SEASHELLS;9996.0;2;-2
340700;340700;;;AMETHYSTS;SEASHELLS;9996.0;8;-2
340900;340900;;;STARFRUIT;SEASHELLS;4970.0;11;-2
341000;341000;;;AMETHYSTS;SEASHELLS;10004.0;2;-2
341200;341200;;;STARFRUIT;SEASHELLS;4971.0;3;-2
341200;341200;;;AMETHYSTS;SEASHELLS;9996.0;1;-2
341200;341200;;;AMETHYSTS;SEASHELLS;9996.0;1;-2
341300;341300;;;STARFRUIT;SEASHELLS;4975.0;1;-2
341300;341300;;;AMETHYSTS;SEASHELLS;10002.0;1;-2
341400;341400;;;AMETHYSTS;SEASHELLS;9998.0;1;-2
341400;341400;;;STARFRUIT;SEASHELLS;4970.0;1;-2
341500;341500;;;STARFRUIT;SEASHELLS;4976.0;1;-2
341900;341900;;;AMETHYSTS;SEASHELLS;9998.0;1;-2
342100;342100;;;STARFRUIT;SEASHELLS;4971.0;1;-2
342300;342300;;;STARFRUIT;SEASHELLS;4971.0;1;-2
342600;342600;;;STARFRUIT;SEASHELLS;4971.0;7;-2
342900;342900;;;STARFRUIT;SEASHELLS;4977.0;2;-2
342900;342900;;;AMETHYSTS;SEASHELLS;10005.0;2;-2
343700;343700;;;AMETHYSTS;SEASHELLS;10002.0;1;-2
343700;343700;;;STARFRUIT;SEASHELLS;4973.0;1;-2
344100;344100;;;AMETHYSTS;SEASHELLS;10002.0;1;-2
344200;344200;;;AMETHYSTS;SEASHELLS;9996.0;2;-2
344300;344300;;;AMETHYSTS;SEASHELLS;10002.0;1;-2
344800;344800;;;STARFRUIT;SEASHELLS;4978.0;1;-2
345100;345100;;;STARFRUIT;SEASHELLS;4974.0;1;-2
345400;345400;;;AMETHYSTS;SEASHELLS;9998.0;1;-2
345500;345500;;;AMETHYSTS;SEASHELLS;9998.0;1;-2
345500;345500;;;STARFRUIT;SEASHELLS;4974.0;2;-2
345800;345800;;;AMETHYSTS;SEASHELLS;9996.0;5;-2
345800;345800;;;AMETHYSTS;SEASHELLS;9996.0;1;-2
345900;345900;;;STARFRUIT;SEASHELLS;4974.0;1;-2
346200;346200;;;AMETHYSTS;SEASHELLS;9996.0;6;-2
346200;346200;;;AMETHYSTS;SEASHELLS;9996.0;1;-2
346400;346400;;;AMETHYSTS;SEASHELLS;10002.0;1;-2
346600;346600;;;AMETHYSTS;SEASHELLS;10004.0;1;-2
347100;347100;;;AMETHYSTS;SEASHELLS;9998.0;1;-2
347500;347500;;;AMETHYSTS;SEASHELLS;10002.0;2;-2
347500;347500;;;STARFRUIT;SEASHELLS;4979.0;1;-2
347800;347800;;;STARFRUIT;SEASHELLS;4973.0;1;-2
347800;347800;;;STARFRUIT;SEASHELLS;4979.0;8;-2
348600;348600;;;STARFRUIT;SEASHELLS;4979.0;1;-2
348700;348700;;;STARFRUIT;SEASHELLS;4977.0;3;-2
348800;348800;;;STARFRUIT;SEASHELLS;4975.0;1;-2
349200;349200;;;STARFRUIT;SEASHELLS;4974.0;1;-2
349400;349400;;;STARFRUIT;SEASHELLS;4980.0;1;-2
349400;349400;;;AMETHYSTS;SEASHELLS;10004.0;6;-2
349400;349400;;;AMETHYSTS;SEASHELLS;10004.0;1;-2
349500;349500;;;STARFRUIT;SEASHELLS;4980.0;1;-2
349600;349600;;;AMETHYSTS;SEASHELLS;9996.0;1;-2
349600;349600;;;STARFRUIT;SEASHELLS;4975.0;1;-2
350400;350400;;;STARFRUIT;SEASHELLS;4976.0;1;-2
350400;350400;;;AMETHYSTS;SEASHELLS;10002.0;3;-2
350400;350400;;;AMETHYSTS;SEASHELLS;10002.0;3;-2
350600;350600;;;STARFRUIT;SEASHELLS;4981.0;9;-2
350700;350700;;;AMETHYSTS;SEASHELLS;9998.0;5;-2
350800;350800;;;AMETHYSTS;SEASHELLS;9996.0;2;-2
350800;350800;;;STARFRUIT;SEASHELLS;4975.0;1;-2
350800;350800;;;STARFRUIT;SEASHELLS;4975.0;1;-2
350900;350900;;;AMETHYSTS;SEASHELLS;10002.0;1;-2
351000;351000;;;STARFRUIT;SEASHELLS;4980.0;1;-2
351000;351000;;;AMETHYSTS;SEASHELLS;9998.0;1;-2
351400;351400;;;AMETHYSTS;SEASHELLS;10005.0;2;-2
351400;351400;;;STARFRUIT;SEASHELLS;4983.0;2;-2
351500;351500;;;STARFRUIT;SEASHELLS;4976.0;1;-2
351800;351800;;;AMETHYSTS;SEASHELLS;10004.0;4;-2
351800;351800;;;AMETHYSTS;SEASHELLS;10002.0;2;-2
351800;351800;;;AMETHYSTS;SEASHELLS;10004.0;2;-2
352200;352200;;;AMETHYSTS;SEASHELLS;10002.0;1;-2
352800;352800;;;STARFRUIT;SEASHELLS;4977.0;1;-2
352800;352800;;;STARFRUIT;SEASHELLS;4980.0;4;-2
352900;352900;;;STARFRUIT;SEASHELLS;4982.0;1;-2
353100;353100;;;AMETHYSTS;SEASHELLS;9996.0;1;-2
353100;353100;;;STARFRUIT;SEASHELLS;4977.0;1;-2
353200;353200;;;AMETHYSTS;SEASHELLS;10002.0;0;-2
353200;353200;;;AMETHYSTS;SEASHELLS;10002.0;1;-2
353200;353200;;;AMETHYSTS;SEASHELLS;10002.0;1;-2
353200;353200;;;AMETHYSTS;SEASHELLS;10002.0;6;-2
353500;353500;;;STARFRUIT;SEASHELLS;4982.0;13;-2
353600;353600;;;STARFRUIT;SEASHELLS;4977.0;9;-2
353600;353600;;;STARFRUIT;SEASHELLS;4976.0;2;-2
353600;353600;;;AMETHYSTS;SEASHELLS;9995.0;2;-2
354200;354200;;;AMETHYSTS;SEASHELLS;10000.0;1;-2
354200;354200;;;STARFRUIT;SEASHELLS;4979.0;1;-2
354300;354300;;;STARFRUIT;SEASHELLS;4981.0;1;-2
354300;354300;;;AMETHYSTS;SEASHELLS;10002.0;3;-2
354600;354600;;;STARFRUIT;SEASHELLS;4980.0;2;-2
354600;354600;;;STARFRUIT;SEASHELLS;4980.0;3;-2
354700;354700;;;STARFRUIT;SEASHELLS;4981.0;1;-2
355100;355100;;;AMETHYSTS;SEASHELLS;9996.0;1;-2
355100;355100;;;STARFRUIT;SEASHELLS;4974.0;2;-2
355300;355300;;;STARFRUIT;SEASHELLS;4979.0;1;-2
355500;355500;;;AMETHYSTS;SEASHELLS;9998.0;1;-2
356100;356100;;;STARFRUIT;SEASHELLS;4975.0;1;-2
356600;356600;;;AMETHYSTS;SEASHELLS;10004.0;11;-2
356600;356600;;;AMETHYSTS;SEASHELLS;10004.0;1;-2
356600;356600;;;STARFRUIT;SEASHELLS;4977.0;2;-2
356600;356600;;;AMETHYSTS;SEASHELLS;10002.0;1;-2
356800;356800;;;STARFRUIT;SEASHELLS;4982.0;8;-2
357200;357200;;;STARFRUIT;SEASHELLS;4975.0;1;-2
357200;357200;;;STARFRUIT;SEASHELLS;4979.0;6;-2
357500;357500;;;AMETHYSTS;SEASHELLS;9995.0;5;-2
357700;357700;;;STARFRUIT;SEASHELLS;4980.0;2;-2
357800;357800;;;STARFRUIT;SEASHELLS;4980.0;1;-2
358000;358000;;;AMETHYSTS;SEASHELLS;9996.0;2;-2
358400;358400;;;AMETHYSTS;SEASHELLS;10002.0;7;-2
358500;358500;;;STARFRUIT;SEASHELLS;4975.0;1;-2
358600;358600;;;STARFRUIT;SEASHELLS;4975.0;1;-2
358600;358600;;;AMETHYSTS;SEASHELLS;10002.0;1;-2
359300;359300;;;AMETHYSTS;SEASHELLS;9995.0;6;-2
359600;359600;;;AMETHYSTS;SEASHELLS;10002.0;1;-2
359900;359900;;;STARFRUIT;SEASHELLS;4976.0;1;-2
359900;359900;;;AMETHYSTS;SEASHELLS;9996.0;1;-2
360000;360000;;;AMETHYSTS;SEASHELLS;9998.0;1;-2
360000;360000;;;STARFRUIT;SEASHELLS;4983.0;11;-2
360100;360100;;;STARFRUIT;SEASHELLS;4977.0;1;-2
360400;360400;;;AMETHYSTS;SEASHELLS;10002.0;1;-2
360900;360900;;;AMETHYSTS;SEASHELLS;9998.0;4;-2
361300;361300;;;STARFRUIT;SEASHELLS;4978.0;2;-2
361300;361300;;;AMETHYSTS;SEASHELLS;9996.0;1;-2
361300;361300;;;AMETHYSTS;SEASHELLS;9996.0;1;-2
361700;361700;;;STARFRUIT;SEASHELLS;4983.0;1;-2
361800;361800;;;STARFRUIT;SEASHELLS;4981.0;4;-2
362100;362100;;;STARFRUIT;SEASHELLS;4978.0;9;-2
362500;362500;;;AMETHYSTS;SEASHELLS;10002.0;1;-2
362700;362700;;;AMETHYSTS;SEASHELLS;10002.0;1;-2
362800;362800;;;AMETHYSTS;SEASHELLS;10002.0;5;-2
363200;363200;;;AMETHYSTS;SEASHELLS;10004.0;1;-2
363200;363200;;;AMETHYSTS;SEASHELLS;10004.0;1;-2
363300;363300;;;STARFRUIT;SEASHELLS;4984.0;1;-2
363900;363900;;;STARFRUIT;SEASHELLS;4979.0;14;-2
364000;364000;;;AMETHYSTS;SEASHELLS;10002.0;1;-2
364100;364100;;;STARFRUIT;SEASHELLS;4984.0;1;-2
364600;364600;;;STARFRUIT;SEASHELLS;4984.0;1;-2
365000;365000;;;STARFRUIT;SEASHELLS;4978.0;1;-2
365300;365300;;;STARFRUIT;SEASHELLS;4983.0;1;-2
365300;365300;;;AMETHYSTS;SEASHELLS;9998.0;5;-2
365300;365300;;;AMETHYSTS;SEASHELLS;9998.0;1;-2
365900;365900;;;AMETHYSTS;SEASHELLS;9998.0;5;-2
365900;365900;;;STARFRUIT;SEASHELLS;4982.0;1;-2
366100;366100;;;AMETHYSTS;SEASHELLS;9998.0;1;-2
366200;366200;;;STARFRUIT;SEASHELLS;4978.0;1;-2
366500;366500;;;AMETHYSTS;SEASHELLS;10002.0;1;-2
366500;366500;;;STARFRUIT;SEASHELLS;4978.0;1;-2
366700;366700;;;STARFRUIT;SEASHELLS;4978.0;1;-2
367000;367000;;;STARFRUIT;SEASHELLS;4979.0;1;-2
367000;367000;;;STARFRUIT;SEASHELLS;4985.0;2;-2
367100;367100;;;STARFRUIT;SEASHELLS;4979.0;1;-2
367200;367200;;;AMETHYSTS;SEASHELLS;10002.0;1;-2
368000;368000;;;STARFRUIT;SEASHELLS;4986.0;2;-2
368000;368000;;;AMETHYSTS;SEASHELLS;10005.0;2;-2
368100;368100;;;AMETHYSTS;SEASHELLS;10002.0;1;-2
368100;368100;;;STARFRUIT;SEASHELLS;4985.0;1;-2
368100;368100;;;AMETHYSTS;SEASHELLS;10004.0;1;-2
368500;368500;;;STARFRUIT;SEASHELLS;4980.0;5;-2
368700;368700;;;STARFRUIT;SEASHELLS;4982.0;3;-2
368700;368700;;;STARFRUIT;SEASHELLS;4980.0;1;-2
368700;368700;;;AMETHYSTS;SEASHELLS;9998.0;2;-2
368800;368800;;;AMETHYSTS;SEASHELLS;10004.0;1;-2
368800;368800;;;STARFRUIT;SEASHELLS;4984.0;1;-2
369000;369000;;;STARFRUIT;SEASHELLS;4980.0;6;-2
369100;369100;;;AMETHYSTS;SEASHELLS;10004.0;1;-2
369100;369100;;;STARFRUIT;SEASHELLS;4986.0;1;-2
369300;369300;;;STARFRUIT;SEASHELLS;4979.0;1;-2
369700;369700;;;STARFRUIT;SEASHELLS;4983.0;2;-2
369700;369700;;;AMETHYSTS;SEASHELLS;10002.0;4;-2
369900;369900;;;STARFRUIT;SEASHELLS;4984.0;1;-2
370700;370700;;;AMETHYSTS;SEASHELLS;10002.0;1;-2
370800;370800;;;AMETHYSTS;SEASHELLS;9998.0;1;-2
370900;370900;;;AMETHYSTS;SEASHELLS;9996.0;1;-2
370900;370900;;;STARFRUIT;SEASHELLS;4980.0;2;-2
370900;370900;;;AMETHYSTS;SEASHELLS;9996.0;1;-2
370900;370900;;;STARFRUIT;SEASHELLS;4980.0;1;-2
371200;371200;;;AMETHYSTS;SEASHELLS;9998.0;1;-2
371300;371300;;;STARFRUIT;SEASHELLS;4985.0;1;-2
371400;371400;;;AMETHYSTS;SEASHELLS;9998.0;5;-2
371700;371700;;;STARFRUIT;SEASHELLS;4978.0;1;-2
371900;371900;;;AMETHYSTS;SEASHELLS;9998.0;1;-2
372200;372200;;;AMETHYSTS;SEASHELLS;10002.0;5;-2
372600;372600;;;STARFRUIT;SEASHELLS;4980.0;3;-2
372600;372600;;;STARFRUIT;SEASHELLS;4979.0;1;-2
372700;372700;;;STARFRUIT;SEASHELLS;4986.0;2;-2
372700;372700;;;AMETHYSTS;SEASHELLS;10004.0;2;-2
372900;372900;;;STARFRUIT;SEASHELLS;4980.0;1;-2
373500;373500;;;AMETHYSTS;SEASHELLS;9995.0;1;-2
373500;373500;;;STARFRUIT;SEASHELLS;4979.0;1;-2
373800;373800;;;STARFRUIT;SEASHELLS;4984.0;1;-2
373800;373800;;;STARFRUIT;SEASHELLS;4981.0;4;-2
374000;374000;;;AMETHYSTS;SEASHELLS;10002.0;4;-2
374300;374300;;;AMETHYSTS;SEASHELLS;9998.0;1;-2
374300;374300;;;STARFRUIT;SEASHELLS;4977.0;1;-2
374600;374600;;;AMETHYSTS;SEASHELLS;9998.0;1;-2
375100;375100;;;STARFRUIT;SEASHELLS;4982.0;2;-2
375200;375200;;;STARFRUIT;SEASHELLS;4978.0;1;-2
375300;375300;;;AMETHYSTS;SEASHELLS;9996.0;1;-2
375400;375400;;;AMETHYSTS;SEASHELLS;10004.0;1;-2
375500;375500;;;STARFRUIT;SEASHELLS;4979.0;1;-2
375700;375700;;;STARFRUIT;SEASHELLS;4981.0;5;-2
375900;375900;;;AMETHYSTS;SEASHELLS;10002.0;2;-2
376100;376100;;;AMETHYSTS;SEASHELLS;10002.0;5;-2
376100;376100;;;STARFRUIT;SEASHELLS;4983.0;1;-2
376300;376300;;;AMETHYSTS;SEASHELLS;10004.0;2;-2
376300;376300;;;STARFRUIT;SEASHELLS;4984.0;2;-2
376400;376400;;;STARFRUIT;SEASHELLS;4982.0;3;-2
376700;376700;;;STARFRUIT;SEASHELLS;4984.0;8;-2
377400;377400;;;AMETHYSTS;SEASHELLS;9996.0;2;-2
378000;378000;;;STARFRUIT;SEASHELLS;4977.0;1;-2
378100;378100;;;STARFRUIT;SEASHELLS;4976.0;8;-2
378200;378200;;;STARFRUIT;SEASHELLS;4976.0;8;-2
378300;378300;;;AMETHYSTS;SEASHELLS;9998.0;1;-2
378700;378700;;;AMETHYSTS;SEASHELLS;10002.0;4;-2
379200;379200;;;STARFRUIT;SEASHELLS;4977.0;1;-2
379300;379300;;;STARFRUIT;SEASHELLS;4977.0;1;-2
379600;379600;;;STARFRUIT;SEASHELLS;4982.0;1;-2
379700;379700;;;STARFRUIT;SEASHELLS;4977.0;2;-2
379700;379700;;;AMETHYSTS;SEASHELLS;9996.0;1;-2
379800;379800;;;AMETHYSTS;SEASHELLS;10002.0;1;-2
379800;379800;;;STARFRUIT;SEASHELLS;4984.0;1;-2
380400;380400;;;STARFRUIT;SEASHELLS;4977.0;1;-2
380700;380700;;;STARFRUIT;SEASHELLS;4983.0;1;-2
381000;381000;;;AMETHYSTS;SEASHELLS;10004.0;2;-2
381100;381100;;;STARFRUIT;SEASHELLS;4977.0;2;-2
381200;381200;;;AMETHYSTS;SEASHELLS;10004.0;1;-2
381200;381200;;;AMETHYSTS;SEASHELLS;10002.0;1;-2
381200;381200;;;STARFRUIT;SEASHELLS;4983.0;2;-2
381200;381200;;;AMETHYSTS;SEASHELLS;10004.0;1;-2
381500;381500;;;STARFRUIT;SEASHELLS;4981.0;1;-2
381700;381700;;;AMETHYSTS;SEASHELLS;10002.0;1;-2
381800;381800;;;STARFRUIT;SEASHELLS;4975.0;1;-2
382200;382200;;;STARFRUIT;SEASHELLS;4981.0;1;-2
382600;382600;;;STARFRUIT;SEASHELLS;4977.0;1;-2
383000;383000;;;STARFRUIT;SEASHELLS;4978.0;5;-2
383000;383000;;;STARFRUIT;SEASHELLS;4978.0;2;-2
383200;383200;;;STARFRUIT;SEASHELLS;4978.0;1;-2
383300;383300;;;STARFRUIT;SEASHELLS;4982.0;1;-2
383300;383300;;;AMETHYSTS;SEASHELLS;10002.0;1;-2
383600;383600;;;AMETHYSTS;SEASHELLS;9996.0;1;-2
383600;383600;;;STARFRUIT;SEASHELLS;4977.0;1;-2
383800;383800;;;STARFRUIT;SEASHELLS;4978.0;1;-2
384000;384000;;;AMETHYSTS;SEASHELLS;9996.0;2;-2
384100;384100;;;AMETHYSTS;SEASHELLS;9998.0;3;-2
384200;384200;;;AMETHYSTS;SEASHELLS;9996.0;1;-2
384200;384200;;;STARFRUIT;SEASHELLS;4979.0;2;-2
384500;384500;;;STARFRUIT;SEASHELLS;4985.0;1;-2
384500;384500;;;AMETHYSTS;SEASHELLS;10002.0;1;-2
384600;384600;;;AMETHYSTS;SEASHELLS;9998.0;1;-2
384700;384700;;;STARFRUIT;SEASHELLS;4979.0;10;-2
385400;385400;;;STARFRUIT;SEASHELLS;4978.0;1;-2
385900;385900;;;STARFRUIT;SEASHELLS;4978.0;13;-2
386000;386000;;;AMETHYSTS;SEASHELLS;9998.0;1;-2
386000;386000;;;STARFRUIT;SEASHELLS;4983.0;1;-2
386500;386500;;;AMETHYSTS;SEASHELLS;10002.0;3;-2
386500;386500;;;AMETHYSTS;SEASHELLS;10002.0;1;-2
386500;386500;;;STARFRUIT;SEASHELLS;4983.0;1;-2
386600;386600;;;AMETHYSTS;SEASHELLS;9996.0;1;-2
386600;386600;;;STARFRUIT;SEASHELLS;4977.0;1;-2
386800;386800;;;STARFRUIT;SEASHELLS;4981.0;2;-2
387600;387600;;;STARFRUIT;SEASHELLS;4976.0;1;-2
387600;387600;;;AMETHYSTS;SEASHELLS;9998.0;1;-2
387700;387700;;;AMETHYSTS;SEASHELLS;9995.0;2;-2
387700;387700;;;STARFRUIT;SEASHELLS;4981.0;1;-2
387900;387900;;;STARFRUIT;SEASHELLS;4982.0;1;-2
387900;387900;;;AMETHYSTS;SEASHELLS;10005.0;1;-2
388500;388500;;;STARFRUIT;SEASHELLS;4977.0;2;-2
389000;389000;;;STARFRUIT;SEASHELLS;4975.0;2;-2
389000;389000;;;AMETHYSTS;SEASHELLS;9996.0;2;-2
389500;389500;;;STARFRUIT;SEASHELLS;4975.0;1;-2
389700;389700;;;STARFRUIT;SEASHELLS;4976.0;2;-2
389700;389700;;;AMETHYSTS;SEASHELLS;9998.0;1;-2
389700;389700;;;STARFRUIT;SEASHELLS;4975.0;4;-2
389800;389800;;;AMETHYSTS;SEASHELLS;9996.0;1;-2
389900;389900;;;STARFRUIT;SEASHELLS;4978.0;4;-2
389900;389900;;;STARFRUIT;SEASHELLS;4978.0;1;-2
390000;390000;;;STARFRUIT;SEASHELLS;4977.0;2;-2
390200;390200;;;STARFRUIT;SEASHELLS;4974.0;1;-2
390400;390400;;;AMETHYSTS;SEASHELLS;10002.0;1;-2
390400;390400;;;STARFRUIT;SEASHELLS;4972.0;2;-2
390400;390400;;;STARFRUIT;SEASHELLS;4972.0;1;-2
390500;390500;;;STARFRUIT;SEASHELLS;4977.0;1;-2
390700;390700;;;AMETHYSTS;SEASHELLS;10002.0;1;-2
390800;390800;;;STARFRUIT;SEASHELLS;4971.0;1;-2
391000;391000;;;STARFRUIT;SEASHELLS;4978.0;1;-2
391100;391100;;;AMETHYSTS;SEASHELLS;9996.0;2;-2
391200;391200;;;STARFRUIT;SEASHELLS;4975.0;4;-2
391900;391900;;;STARFRUIT;SEASHELLS;4978.0;7;-2
392000;392000;;;STARFRUIT;SEASHELLS;4979.0;1;-2
392100;392100;;;STARFRUIT;SEASHELLS;4975.0;1;-2
392300;392300;;;AMETHYSTS;SEASHELLS;10005.0;2;-2
392300;392300;;;STARFRUIT;SEASHELLS;4980.0;10;-2
392900;392900;;;STARFRUIT;SEASHELLS;4978.0;7;-2
393000;393000;;;AMETHYSTS;SEASHELLS;9998.0;1;-2
393100;393100;;;AMETHYSTS;SEASHELLS;9998.0;1;-2
393300;393300;;;STARFRUIT;SEASHELLS;4979.0;2;-2
393300;393300;;;AMETHYSTS;SEASHELLS;10000.0;1;-2
393300;393300;;;AMETHYSTS;SEASHELLS;9998.0;1;-2
393600;393600;;;AMETHYSTS;SEASHELLS;9998.0;1;-2
393800;393800;;;STARFRUIT;SEASHELLS;4980.0;1;-2
393900;393900;;;STARFRUIT;SEASHELLS;4981.0;4;-2
394300;394300;;;STARFRUIT;SEASHELLS;4974.0;14;-2
394500;394500;;;AMETHYSTS;SEASHELLS;9996.0;1;-2
394500;394500;;;STARFRUIT;SEASHELLS;4974.0;1;-2
394700;394700;;;AMETHYSTS;SEASHELLS;10004.0;1;-2
394700;394700;;;STARFRUIT;SEASHELLS;4978.0;1;-2
394900;394900;;;AMETHYSTS;SEASHELLS;9998.0;1;-2
395300;395300;;;STARFRUIT;SEASHELLS;4980.0;14;-2
