day;timestamp;product;bid_price_1;bid_volume_1;bid_price_2;bid_volume_2;bid_price_3;bid_volume_3;ask_price_1;ask_volume_1;ask_price_2;ask_volume_2;ask_price_3;ask_volume_3;mid_price;profit_and_loss
-2;0;AMETHYSTS;10002;1;9996;2;9995;29;10004;2;10005;29;;;10003.0;0.0
-2;0;STARFRUIT;5002;1;4997;31;;;5003;31;;;;;5002.5;0.0
-2;100;AMETHYSTS;9996;2;9995;22;;;10004;2;10005;22;;;10000.0;4.0
-2;100;STARFRUIT;4997;24;;;;;5003;2;5004;22;;;5000.0;0.0
-2;200;STARFRUIT;4997;2;4996;20;;;5003;20;;;;;5000.0;0.0
-2;200;AMETHYSTS;9995;20;;;;;10005;20;;;;;10000.0;4.0
-2;300;AMETHYSTS;9996;2;9995;29;;;10004;2;10005;29;;;10000.0;4.0
-2;300;STARFRUIT;4996;31;;;;;5003;31;;;;;4999.5;0.0
-2;400;AMETHYSTS;9996;2;9995;25;;;10004;2;10005;25;;;10000.0;4.0
-2;400;STARFRUIT;4995;27;;;;;5002;27;;;;;4998.5;0.0
-2;500;AMETHYSTS;9995;30;;;;;10002;4;10005;30;;;9998.5;4.0
-2;500;STARFRUIT;4996;30;;;;;5003;30;;;;;4999.5;0.0
-2;600;STARFRUIT;4999;5;4997;6;4996;25;5003;25;;;;;5001.0;0.0
-2;600;AMETHYSTS;10000;5;9995;25;;;10005;25;;;;;10002.5;4.0
-2;700;AMETHYSTS;9995;23;;;;;10005;23;;;;;10000.0;4.0
-2;700;STARFRUIT;4997;2;4996;23;;;5003;23;;;;;5000.0;0.0
-2;800;AMETHYSTS;9996;1;9995;29;;;10004;1;10005;29;;;10000.0;4.0
-2;800;STARFRUIT;4997;30;;;;;5003;1;5004;29;;;5000.0;0.0
-2;900;AMETHYSTS;9996;1;9995;22;;;10004;1;10005;22;;;10000.0;4.0
-2;900;STARFRUIT;4997;23;;;;;5003;1;5004;22;;;5000.0;0.0
-2;1000;STARFRUIT;4996;26;;;;;5001;6;5003;26;;;4998.5;0.0
-2;1000;AMETHYSTS;9995;26;;;;;10005;26;;;;;10000.0;4.0
-2;1100;STARFRUIT;4998;6;4997;26;;;5004;26;;;;;5001.0;0.0
-2;1100;AMETHYSTS;9996;2;9995;24;;;10004;2;10005;24;;;10000.0;4.0
-2;1200;AMETHYSTS;9995;21;;;;;9998;1;10005;21;;;9996.5;24.0
-2;1200;STARFRUIT;4997;21;;;;;5002;8;5004;21;;;4999.5;0.0
-2;1300;STARFRUIT;4997;31;;;;;5003;1;5004;30;;;5000.0;0.0
-2;1300;AMETHYSTS;10002;1;9996;1;9995;30;10004;1;10005;30;;;10003.0;26.0
-2;1400;STARFRUIT;4997;3;4996;25;;;5003;26;;;;;5000.0;0.0
-2;1400;AMETHYSTS;9996;1;9995;25;;;10004;1;10005;25;;;10000.0;28.0
-2;1500;STARFRUIT;4996;27;;;;;5003;27;;;;;4999.5;0.0
-2;1500;AMETHYSTS;9995;27;;;;;10005;27;;;;;10000.0;28.0
-2;1600;AMETHYSTS;9995;29;;;;;10005;29;;;;;10000.0;28.0
-2;1600;STARFRUIT;4996;29;;;;;5001;4;5003;29;;;4998.5;0.0
-2;1700;STARFRUIT;4997;22;;;;;5002;8;5003;2;5004;20;4999.5;0.0
-2;1700;AMETHYSTS;9996;2;9995;20;;;10002;1;10004;2;10005;20;9999.0;28.0
-2;1800;STARFRUIT;4997;1;4996;22;;;5003;23;;;;;5000.0;0.0
-2;1800;AMETHYSTS;10002;1;9996;1;9995;22;10004;1;10005;22;;;10003.0;28.0
-2;1900;STARFRUIT;4997;1;4996;28;;;5001;5;5003;29;;;4999.0;0.0
-2;1900;AMETHYSTS;9996;1;9995;28;;;10004;1;10005;28;;;10000.0;30.0
-2;2000;AMETHYSTS;9996;2;9995;24;;;9998;1;10004;2;10005;24;9997.0;30.0
-2;2000;STARFRUIT;4996;26;;;;;5003;26;;;;;4999.5;0.0
-2;2100;STARFRUIT;4997;2;4996;25;;;5003;27;;;;;5000.0;0.0
-2;2100;AMETHYSTS;9996;2;9995;25;;;10002;3;10004;2;10005;25;9999.0;32.0
-2;2200;STARFRUIT;4997;1;4996;24;;;5001;7;5003;25;;;4999.0;0.0
-2;2200;AMETHYSTS;9998;8;9996;1;9995;24;10004;1;10005;24;;;10001.0;32.0
-2;2300;STARFRUIT;4997;32;;;;;5003;2;5004;30;;;5000.0;0.0
-2;2300;AMETHYSTS;9998;7;9996;2;9995;30;10004;2;10005;30;;;10001.0;32.0
-2;2400;AMETHYSTS;9995;29;;;;;10005;29;;;;;10000.0;32.0
-2;2400;STARFRUIT;4997;28;;;;;5004;29;;;;;5000.5;0.0
-2;2500;STARFRUIT;4997;3;4996;22;;;5003;23;;;;;5000.0;0.0
-2;2500;AMETHYSTS;9996;1;9995;22;;;10004;1;10005;22;;;10000.0;32.0
-2;2600;STARFRUIT;4998;3;4997;23;;;5004;23;;;;;5001.0;0.0
-2;2600;AMETHYSTS;9995;23;;;;;10005;23;;;;;10000.0;32.0
-2;2700;STARFRUIT;4998;26;;;;;5005;26;;;;;5001.5;0.0
-2;2700;AMETHYSTS;9998;6;9995;26;;;10005;26;;;;;10001.5;32.0
-2;2800;AMETHYSTS;9995;25;;;;;10005;25;;;;;10000.0;32.0
-2;2800;STARFRUIT;4997;25;;;;;5004;25;;;;;5000.5;0.0
-2;2900;STARFRUIT;4996;26;;;;;5003;26;;;;;4999.5;0.0
-2;2900;AMETHYSTS;9996;1;9995;25;;;10004;1;10005;25;;;10000.0;32.0
-2;3000;STARFRUIT;4997;3;4996;26;;;5003;26;;;;;5000.0;0.0
-2;3000;AMETHYSTS;9998;1;9995;26;;;10005;26;;;;;10001.5;56.0
-2;3100;STARFRUIT;4996;26;;;;;5001;5;5003;26;;;4998.5;0.0
-2;3100;AMETHYSTS;9996;2;9995;24;;;10004;2;10005;24;;;10000.0;56.0
-2;3200;AMETHYSTS;9996;1;9995;22;;;10004;1;10005;22;;;10000.0;58.0
-2;3200;STARFRUIT;4996;23;;;;;5001;3;5003;23;;;4998.5;0.0
-2;3300;STARFRUIT;4997;2;4996;30;;;5001;2;5003;32;;;4999.0;0.0
-2;3300;AMETHYSTS;9996;2;9995;30;;;10004;2;10005;30;;;10000.0;58.0
-2;3400;STARFRUIT;4997;26;;;;;5003;2;5004;24;;;5000.0;0.0
-2;3400;AMETHYSTS;9996;2;9995;24;;;10004;2;10005;24;;;10000.0;58.0
-2;3500;STARFRUIT;4997;26;;;;;5004;26;;;;;5000.5;0.0
-2;3500;AMETHYSTS;9995;26;;;;;10005;26;;;;;10000.0;58.0
-2;3600;AMETHYSTS;9995;21;;;;;9998;4;10005;21;;;9996.5;58.0
-2;3600;STARFRUIT;4997;21;;;;;5004;21;;;;;5000.5;0.0
-2;3700;STARFRUIT;4998;3;4997;24;;;5004;24;;;;;5001.0;0.0
-2;3700;AMETHYSTS;10002;1;9996;1;9995;23;10004;1;10005;23;;;10003.0;58.0
-2;3800;STARFRUIT;4997;25;;;;;5004;25;;;;;5000.5;0.0
-2;3800;AMETHYSTS;9996;2;9995;23;;;10002;10;10004;2;10005;23;9999.0;60.0
-2;3900;STARFRUIT;4998;2;4997;26;;;5003;1;5004;25;;;5000.5;0.0
-2;3900;AMETHYSTS;9998;1;9996;1;9995;25;10004;1;10005;25;;;10001.0;62.0
-2;4000;AMETHYSTS;9996;2;9995;30;;;10004;2;10005;30;;;10000.0;62.0
-2;4000;STARFRUIT;4997;32;;;;;5003;2;5004;30;;;5000.0;0.0
-2;4100;STARFRUIT;4997;29;;;;;5003;2;5004;27;;;5000.0;0.0
-2;4100;AMETHYSTS;9996;2;9995;27;;;10004;2;10005;27;;;10000.0;62.0
-2;4200;STARFRUIT;4998;2;4997;24;;;5004;26;;;;;5001.0;0.0
-2;4200;AMETHYSTS;9996;2;9995;24;;;10002;4;10004;2;10005;24;9999.0;62.0
-2;4300;STARFRUIT;4998;7;4997;22;;;5000;5;5004;22;;;4999.0;0.0
-2;4300;AMETHYSTS;9995;22;;;;;9998;1;10000;6;10005;22;9996.5;62.0
-2;4400;AMETHYSTS;9995;30;;;;;10005;30;;;;;10000.0;62.0
-2;4400;STARFRUIT;4997;30;;;;;5004;30;;;;;5000.5;0.0
-2;4500;STARFRUIT;4996;28;;;;;5003;29;;;;;4999.5;0.0
-2;4500;AMETHYSTS;9996;1;9995;28;;;10002;10;10004;1;10005;28;9999.0;62.0
-2;4600;STARFRUIT;4997;30;;;;;5004;30;;;;;5000.5;0.0
-2;4600;AMETHYSTS;9996;1;9995;29;;;10002;10;10004;1;10005;29;9999.0;62.0
-2;4700;STARFRUIT;4997;32;;;;;4998;7;5002;3;5003;2;4997.5;0.0
-2;4700;AMETHYSTS;9996;2;9995;30;;;10004;2;10005;30;;;10000.0;62.0
-2;4800;AMETHYSTS;9998;6;9996;2;9995;22;10004;2;10005;22;;;10001.0;62.0
-2;4800;STARFRUIT;4997;24;;;;;5004;24;;;;;5000.5;0.0
-2;4900;STARFRUIT;4996;22;;;;;5003;22;;;;;4999.5;0.0
-2;4900;AMETHYSTS;9995;22;;;;;10002;7;10005;22;;;9998.5;62.0
-2;5000;STARFRUIT;4997;30;;;;;5004;30;;;;;5000.5;0.0
-2;5000;AMETHYSTS;9998;3;9996;2;9995;28;10004;2;10005;28;;;10001.0;62.0
-2;5100;STARFRUIT;4998;7;4997;30;;;5004;31;;;;;5001.0;0.0
-2;5100;AMETHYSTS;9996;1;9995;30;;;10004;1;10005;30;;;10000.0;62.0
-2;5200;AMETHYSTS;9998;9;9996;1;9995;26;10004;1;10005;26;;;10001.0;62.0
-2;5200;STARFRUIT;4998;8;4997;27;;;5003;1;5004;26;;;5000.5;0.0
-2;5300;STARFRUIT;5002;1;4997;21;;;5004;21;;;;;5003.0;0.0
-2;5300;AMETHYSTS;9996;1;9995;20;;;10004;1;10005;20;;;10000.0;62.0
-2;5400;STARFRUIT;4997;21;;;;;5002;6;5004;21;;;4999.5;0.0
-2;5400;AMETHYSTS;9995;21;;;;;10005;21;;;;;10000.0;62.0
-2;5500;AMETHYSTS;9995;27;;;;;10005;27;;;;;10000.0;62.0
-2;5500;STARFRUIT;4997;27;;;;;5004;27;;;;;5000.5;0.0
-2;5600;STARFRUIT;5002;2;4998;28;;;5005;28;;;;;5003.5;0.0
-2;5600;AMETHYSTS;9995;28;;;;;10005;28;;;;;10000.0;62.0
-2;5700;STARFRUIT;4999;26;;;;;5006;27;;;;;5002.5;-0.3291015625
-2;5700;AMETHYSTS;9998;2;9995;27;;;10005;27;;;;;10001.5;62.0
-2;5800;STARFRUIT;4999;31;;;;;5006;31;;;;;5002.5;-0.5458984375
-2;5800;AMETHYSTS;9996;1;9995;30;;;10004;1;10005;30;;;10000.0;62.0
-2;5900;AMETHYSTS;9996;2;9995;28;;;10004;2;10005;28;;;10000.0;62.0
-2;5900;STARFRUIT;5000;5;4999;30;;;5005;2;5006;28;;;5002.5;-0.3203125
-2;6000;STARFRUIT;4998;30;;;;;5005;30;;;;;5001.5;0.2958984375
-2;6000;AMETHYSTS;9995;30;;;;;10005;30;;;;;10000.0;62.0
-2;6100;STARFRUIT;4999;24;;;;;5005;1;5006;24;;;5002.0;-0.21875
-2;6100;AMETHYSTS;9996;1;9995;24;;;10004;1;10005;24;;;10000.0;62.0
-2;6200;STARFRUIT;4999;22;;;;;5005;1;5006;21;;;5002.0;-0.060546875
-2;6200;AMETHYSTS;9996;1;9995;21;;;10004;1;10005;21;;;10000.0;62.0
-2;6300;AMETHYSTS;9996;2;9995;23;;;10004;2;10005;23;;;10000.0;62.0
-2;6300;STARFRUIT;4999;7;4998;23;;;5005;25;;;;;5002.0;0.0830078125
-2;6400;STARFRUIT;4999;1;4998;24;;;5005;25;;;;;5002.0;0.1689453125
-2;6400;AMETHYSTS;9996;1;9995;24;;;10004;1;10005;24;;;10000.0;62.0
-2;6500;STARFRUIT;4999;27;;;;;5005;1;5006;26;;;5002.0;-0.34765625
-2;6500;AMETHYSTS;9996;1;9995;26;;;9998;1;10004;1;10005;26;9997.0;62.0
-2;6600;STARFRUIT;4998;26;;;;;5005;26;;;;;5001.5;0.50390625
-2;6600;AMETHYSTS;9996;2;9995;24;;;10004;2;10005;24;;;10000.0;64.0
-2;6700;AMETHYSTS;9995;20;;;;;10002;3;10005;20;;;9998.5;64.0
-2;6700;STARFRUIT;4999;7;4998;20;;;5005;20;;;;;5002.0;1.724609375
-2;6800;STARFRUIT;4997;32;;;;;5002;8;5003;2;5004;30;4999.5;3.666015625
-2;6800;AMETHYSTS;9996;2;9995;30;;;10004;2;10005;30;;;10000.0;64.0
-2;6900;STARFRUIT;4997;27;;;;;5002;1;5004;27;;;4999.5;2.712890625
-2;6900;AMETHYSTS;9996;1;9995;26;;;10002;5;10004;1;10005;26;9999.0;64.0
-2;7000;STARFRUIT;5002;4;4997;27;;;5004;27;;;;;5003.0;2.6552734375
-2;7000;AMETHYSTS;9998;2;9995;27;;;10005;27;;;;;10001.5;64.0
-2;7100;AMETHYSTS;9996;1;9995;29;;;10004;1;10005;29;;;10000.0;68.0
-2;7100;STARFRUIT;4998;30;;;;;5005;30;;;;;5001.5;4.359375
-2;7200;STARFRUIT;4998;28;;;;;5005;28;;;;;5001.5;4.38671875
-2;7200;AMETHYSTS;9998;5;9996;1;9995;27;10004;1;10005;27;;;10001.0;68.0
-2;7300;STARFRUIT;4998;6;4997;29;;;5004;31;;;;;5001.0;6.16796875
-2;7300;AMETHYSTS;10002;1;9996;2;9995;29;10004;2;10005;29;;;10003.0;68.0
-2;7400;STARFRUIT;4998;22;;;;;5004;1;5005;22;;;5001.0;5.02734375
-2;7400;AMETHYSTS;9996;1;9995;22;;;10004;1;10005;22;;;10000.0;74.0
-2;7500;AMETHYSTS;9995;25;;;;;10002;10;10005;25;;;9998.5;74.0
-2;7500;STARFRUIT;4998;25;;;;;5005;25;;;;;5001.5;5.21484375
-2;7600;STARFRUIT;4997;22;;;;;5004;22;;;;;5000.5;8.220703125
-2;7600;AMETHYSTS;9996;2;9995;20;;;10004;2;10005;20;;;10000.0;74.0
-2;7700;AMETHYSTS;9995;22;;;;;10005;22;;;;;10000.0;74.0
-2;7700;STARFRUIT;4997;21;;;;;5004;22;;;;;5000.5;10.33984375
-2;7800;AMETHYSTS;9998;3;9996;1;9995;22;10004;1;10005;22;;;10001.0;74.0
-2;7800;STARFRUIT;4998;1;4997;22;;;5004;23;;;;;5001.0;6.12109375
-2;7900;AMETHYSTS;9996;1;9995;26;;;10004;1;10005;26;;;10000.0;74.0
-2;7900;STARFRUIT;4999;4;4998;27;;;5004;1;5005;26;;;5001.5;5.279296875
-2;8000;STARFRUIT;4998;27;;;;;5003;8;5005;27;;;5000.5;4.2890625
-2;8000;AMETHYSTS;9995;27;;;;;10005;27;;;;;10000.0;74.0
-2;8100;AMETHYSTS;9996;1;9995;22;;;10004;1;10005;22;;;10000.0;74.0
-2;8100;STARFRUIT;4998;23;;;;;5004;1;5005;22;;;5001.0;4.953125
-2;8200;AMETHYSTS;9995;23;;;;;10005;23;;;;;10000.0;98.0
-2;8200;STARFRUIT;4997;23;;;;;5002;1;5004;23;;;4999.5;6.60546875
-2;8300;AMETHYSTS;9996;1;9995;29;;;10004;1;10005;29;;;10000.0;98.0
-2;8300;STARFRUIT;4998;30;;;;;5005;30;;;;;5001.5;4.48046875
-2;8400;STARFRUIT;4998;28;;;;;5005;28;;;;;5001.5;4.734375
-2;8400;AMETHYSTS;9995;28;;;;;10005;28;;;;;10000.0;98.0
-2;8500;AMETHYSTS;9998;10;9996;2;9995;29;10004;2;10005;29;;;10001.0;98.0
-2;8500;STARFRUIT;4998;2;4997;29;;;5004;31;;;;;5001.0;6.556640625
-2;8600;AMETHYSTS;9996;1;9995;22;;;10004;1;10005;22;;;10000.0;98.0
-2;8600;STARFRUIT;4997;22;;;;;5004;23;;;;;5000.5;6.8828125
-2;8700;AMETHYSTS;9998;10;9995;27;;;10005;27;;;;;10001.5;98.0
-2;8700;STARFRUIT;4997;27;;;;;5002;4;5004;27;;;4999.5;9.05078125
-2;8800;STARFRUIT;4998;7;4997;25;;;5004;25;;;;;5001.0;8.6015625
-2;8800;AMETHYSTS;9995;25;;;;;9998;1;10005;25;;;9996.5;98.0
-2;8900;AMETHYSTS;9998;9;9995;26;;;10005;26;;;;;10001.5;100.0
-2;8900;STARFRUIT;4999;1;4998;26;;;5005;26;;;;;5002.0;5.90625
-2;9000;AMETHYSTS;9996;2;9995;29;;;10004;2;10005;29;;;10000.0;100.0
-2;9000;STARFRUIT;4997;31;;;;;5004;31;;;;;5000.5;7.91015625
-2;9100;AMETHYSTS;9998;3;9996;2;9995;27;10004;2;10005;27;;;10001.0;100.0
-2;9100;STARFRUIT;4998;29;;;;;5005;29;;;;;5001.5;4.5
-2;9200;STARFRUIT;4997;27;;;;;5002;7;5004;27;;;4999.5;6.099609375
-2;9200;AMETHYSTS;9998;10;9995;27;;;10005;27;;;;;10001.5;100.0
-2;9300;AMETHYSTS;9996;1;9995;20;;;10004;1;10005;20;;;10000.0;100.0
-2;9300;STARFRUIT;4998;21;;;;;5004;1;5005;20;;;5001.0;5.73828125
-2;9400;AMETHYSTS;9998;2;9996;2;9995;21;10004;2;10005;21;;;10001.0;100.0
-2;9400;STARFRUIT;4997;23;;;;;5004;23;;;;;5000.5;7.7421875
-2;9500;AMETHYSTS;9996;1;9995;30;;;10004;1;10005;30;;;10000.0;100.0
-2;9500;STARFRUIT;4998;4;4997;31;;;5004;31;;;;;5001.0;8.279296875
-2;9600;STARFRUIT;4997;31;;;;;5004;31;;;;;5000.5;8.171875
-2;9600;AMETHYSTS;9996;1;9995;30;;;10004;1;10005;30;;;10000.0;100.0
-2;9700;AMETHYSTS;9995;22;;;;;10002;1;10005;22;;;9998.5;100.0
-2;9700;STARFRUIT;4997;22;;;;;5004;22;;;;;5000.5;9.21484375
-2;9800;AMETHYSTS;9995;26;;;;;10005;26;;;;;10000.0;100.0
-2;9800;STARFRUIT;4997;26;;;;;5004;26;;;;;5000.5;10.8984375
-2;9900;AMETHYSTS;9995;25;;;;;10005;25;;;;;10000.0;100.0
-2;9900;STARFRUIT;5001;4;4996;25;;;5003;25;;;;;5002.0;12.5234375
-2;10000;STARFRUIT;4997;8;4996;28;;;5003;28;;;;;5000.0;14.4921875
-2;10000;AMETHYSTS;9995;28;;;;;10005;28;;;;;10000.0;100.0
-2;10100;STARFRUIT;4996;1;4995;24;;;5002;25;;;;;4999.0;18.25
-2;10100;AMETHYSTS;9996;1;9995;24;;;10002;3;10004;1;10005;24;9999.0;100.0
-2;10200;AMETHYSTS;9996;2;9995;26;;;10004;2;10005;26;;;10000.0;100.0
-2;10200;STARFRUIT;4996;2;4995;26;;;5002;28;;;;;4999.0;18.8828125
-2;10300;STARFRUIT;5001;1;4997;8;4996;27;5003;27;;;;;5002.0;17.9296875
-2;10300;AMETHYSTS;9998;4;9995;27;;;10005;27;;;;;10001.5;100.0
-2;10400;STARFRUIT;4997;1;4996;29;;;5003;29;;;;;5000.0;17.390625
-2;10400;AMETHYSTS;10002;1;9996;1;9995;28;10004;1;10005;28;;;10003.0;100.0
-2;10500;STARFRUIT;4996;31;;;;;5003;31;;;;;4999.5;15.58984375
-2;10500;AMETHYSTS;9998;4;9996;2;9995;29;10004;2;10005;29;;;10001.0;102.0
-2;10600;AMETHYSTS;9996;2;9995;29;;;10000;4;10004;2;10005;29;9998.0;102.0
-2;10600;STARFRUIT;4997;31;;;;;5000;4;5002;4;5004;31;4998.5;8.74609375
-2;10700;STARFRUIT;4998;1;4997;28;;;5004;28;;;;;5001.0;7.859375
-2;10700;AMETHYSTS;9998;8;9995;28;;;10005;28;;;;;10001.5;102.0
-2;10800;STARFRUIT;4998;3;4997;24;;;5004;24;;;;;5001.0;9.13671875
-2;10800;AMETHYSTS;9998;5;9996;2;9995;22;10004;2;10005;22;;;10001.0;102.0
-2;10900;STARFRUIT;4999;7;4998;28;;;5005;28;;;;;5002.0;3.921875
-2;10900;AMETHYSTS;9996;1;9995;27;;;10004;1;10005;27;;;10000.0;102.0
-2;11000;AMETHYSTS;9995;24;;;;;10002;7;10005;24;;;9998.5;102.0
-2;11000;STARFRUIT;5002;7;4997;24;;;5004;24;;;;;5003.0;6.8515625
-2;11100;STARFRUIT;4998;21;;;;;5005;21;;;;;5001.5;4.15625
-2;11100;AMETHYSTS;9998;3;9995;21;;;10005;21;;;;;10001.5;102.0
-2;11200;STARFRUIT;4998;2;4997;21;;;5004;23;;;;;5001.0;6.82421875
-2;11200;AMETHYSTS;9996;2;9995;21;;;10002;7;10004;2;10005;21;9999.0;110.0
-2;11300;STARFRUIT;4999;3;4998;22;;;5004;1;5005;21;;;5001.5;5.84375
-2;11300;AMETHYSTS;9996;1;9995;21;;;10004;1;10005;21;;;10000.0;110.0
-2;11400;AMETHYSTS;9996;1;9995;25;;;10004;1;10005;25;;;10000.0;110.0
-2;11400;STARFRUIT;4997;26;;;;;5003;1;5004;25;;;5000.0;11.33984375
-2;11500;STARFRUIT;4997;26;;;;;5002;8;5004;26;;;4999.5;8.8359375
-2;11500;AMETHYSTS;9996;1;9995;25;;;10002;7;10004;1;10005;25;9999.0;114.0
-2;11600;STARFRUIT;4997;29;;;;;5004;29;;;;;5000.5;9.28125
-2;11600;AMETHYSTS;9996;2;9995;27;;;10002;2;10004;2;10005;27;9999.0;114.0
-2;11700;STARFRUIT;4997;23;;;;;4998;2;5003;2;5004;21;4997.5;11.98828125
-2;11700;AMETHYSTS;9996;2;9995;21;;;10004;2;10005;21;;;10000.0;114.0
-2;11800;AMETHYSTS;9998;10;9995;29;;;10000;5;10005;29;;;9999.0;114.0
-2;11800;STARFRUIT;4997;29;;;;;5000;4;5004;29;;;4998.5;1.6875
-2;11900;STARFRUIT;4998;32;;;;;5003;3;5004;2;5005;30;5000.5;-1.05078125
-2;11900;AMETHYSTS;9996;2;9995;30;;;10004;2;10005;30;;;10000.0;114.0
-2;12000;STARFRUIT;4998;20;;;;;5005;20;;;;;5001.5;-1.20703125
-2;12000;AMETHYSTS;10002;1;9995;20;;;10005;20;;;;;10003.5;114.0
-2;12100;STARFRUIT;4998;2;4997;25;;;5002;1;5004;27;;;5000.0;1.47265625
-2;12100;AMETHYSTS;9996;2;9995;25;;;10004;2;10005;25;;;10000.0;116.0
-2;12200;AMETHYSTS;9996;2;9995;28;;;10004;2;10005;28;;;10000.0;116.0
-2;12200;STARFRUIT;4998;6;4997;28;;;5004;30;;;;;5001.0;1.6328125
-2;12300;STARFRUIT;4998;1;4997;28;;;5004;29;;;;;5001.0;2.2265625
-2;12300;AMETHYSTS;9998;6;9996;1;9995;28;10004;1;10005;28;;;10001.0;116.0
-2;12400;STARFRUIT;4999;4;4998;26;;;5005;26;;;;;5002.0;-0.359375
-2;12400;AMETHYSTS;9995;26;;;;;10005;26;;;;;10000.0;116.0
-2;12500;STARFRUIT;4998;19;;;;;5005;20;;;;;5001.5;-3.21875
-2;12500;AMETHYSTS;9995;20;;;;;10005;20;;;;;10000.0;116.0
-2;12600;AMETHYSTS;9995;22;;;;;10005;22;;;;;10000.0;116.0
-2;12600;STARFRUIT;4998;22;;;;;5005;22;;;;;5001.5;-0.81640625
-2;12700;STARFRUIT;4998;2;4997;20;;;5004;22;;;;;5001.0;1.16015625
-2;12700;AMETHYSTS;9996;2;9995;20;;;10004;2;10005;20;;;10000.0;116.0
-2;12800;STARFRUIT;4997;22;;;;;5004;22;;;;;5000.5;3.078125
-2;12800;AMETHYSTS;9996;2;9995;20;;;10004;2;10005;20;;;10000.0;116.0
-2;12900;STARFRUIT;4998;7;4997;29;;;5003;1;5004;28;;;5000.5;7.921875
-2;12900;AMETHYSTS;9996;1;9995;28;;;10002;3;10004;1;10005;28;9999.0;116.0
-2;13000;AMETHYSTS;10002;1;9995;20;;;10005;20;;;;;10003.5;116.0
-2;13000;STARFRUIT;5002;1;4997;6;4996;20;5003;20;;;;;5002.5;10.05078125
-2;13100;STARFRUIT;4997;8;4996;25;;;5003;26;;;;;5000.0;10.390625
-2;13100;AMETHYSTS;9996;1;9995;25;;;10004;1;10005;25;;;10000.0;118.0
-2;13200;STARFRUIT;4997;22;;;;;5002;5;5004;22;;;4999.5;7.91796875
-2;13200;AMETHYSTS;9998;2;9995;22;;;10005;22;;;;;10001.5;118.0
-2;13300;STARFRUIT;4998;6;4997;24;;;5004;24;;;;;5001.0;3.19140625
-2;13300;AMETHYSTS;9995;24;;;;;10005;24;;;;;10000.0;118.0
-2;13400;AMETHYSTS;9996;2;9995;30;;;10004;2;10005;30;;;10000.0;118.0
-2;13400;STARFRUIT;4997;32;;;;;5004;32;;;;;5000.5;6.1015625
-2;13500;STARFRUIT;4997;30;;;;;5002;8;5004;30;;;4999.5;4.1328125
-2;13500;AMETHYSTS;9995;30;;;;;10005;30;;;;;10000.0;118.0
-2;13600;STARFRUIT;4997;24;;;;;5002;3;5004;25;;;4999.5;5.73046875
-2;13600;AMETHYSTS;9995;25;;;;;10002;10;10005;25;;;9998.5;118.0
-2;13700;STARFRUIT;4999;4;4998;21;;;5004;1;5005;20;;;5001.5;-1.703125
-2;13700;AMETHYSTS;9996;1;9995;20;;;9998;4;10004;1;10005;20;9997.0;118.0
-2;13800;AMETHYSTS;9996;2;9995;20;;;10004;2;10005;20;;;10000.0;126.0
-2;13800;STARFRUIT;4999;1;4998;22;;;5004;2;5005;20;;;5001.5;-1.51953125
-2;13900;STARFRUIT;4998;22;;;;;5001;6;5003;4;5005;22;4999.5;-3.31640625
-2;13900;AMETHYSTS;9996;2;9995;20;;;10000;6;10004;2;10005;20;9998.0;126.0
-2;14000;STARFRUIT;4998;5;4997;27;;;5004;29;;;;;5001.0;0.046875
-2;14000;AMETHYSTS;9998;5;9996;2;9995;27;10004;2;10005;27;;;10001.0;126.0
-2;14100;STARFRUIT;4997;25;;;;;5002;1;5004;25;;;4999.5;2.9609375
-2;14100;AMETHYSTS;9996;2;9995;23;;;10004;2;10005;23;;;10000.0;126.0
-2;14200;AMETHYSTS;9995;21;;;;;10005;21;;;;;10000.0;126.0
-2;14200;STARFRUIT;4997;21;;;;;4998;1;5004;21;;;4997.5;2.24609375
-2;14300;STARFRUIT;4997;29;;;;;5004;29;;;;;5000.5;3.62890625
-2;14300;AMETHYSTS;9996;2;9995;27;;;10004;2;10005;27;;;10000.0;126.0
-2;14400;STARFRUIT;4997;30;;;;;5004;30;;;;;5000.5;2.375
-2;14400;AMETHYSTS;9996;1;9995;29;;;10004;1;10005;29;;;10000.0;126.0
-2;14500;AMETHYSTS;9995;24;;;;;10002;1;10005;24;;;9998.5;126.0
-2;14500;STARFRUIT;4997;24;;;;;5004;24;;;;;5000.5;7.98046875
-2;14600;STARFRUIT;4997;28;;;;;5000;2;5004;28;;;4998.5;5.61328125
-2;14600;AMETHYSTS;9996;2;9995;26;;;10000;2;10004;2;10005;26;9998.0;126.0
-2;14700;STARFRUIT;4997;30;;;;;5004;30;;;;;5000.5;8.84765625
-2;14700;AMETHYSTS;9995;30;;;;;10002;7;10005;30;;;9998.5;126.0
-2;14800;STARFRUIT;4997;28;;;;;5004;28;;;;;5000.5;2.67578125
-2;14800;AMETHYSTS;9995;28;;;;;10002;6;10005;28;;;9998.5;126.0
-2;14900;AMETHYSTS;10000;4;9995;26;;;10005;26;;;;;10002.5;126.0
-2;14900;STARFRUIT;5000;4;4997;26;;;5004;26;;;;;5002.0;3.71875
-2;15000;STARFRUIT;5003;8;4998;25;;;5005;25;;;;;5004.0;-0.2109375
-2;15000;AMETHYSTS;9998;1;9995;25;;;10005;25;;;;;10001.5;126.0
-2;15100;STARFRUIT;4998;5;4997;22;;;5004;22;;;;;5001.0;4.796875
-2;15100;AMETHYSTS;9995;22;;;;;10005;22;;;;;10000.0;126.0
-2;15200;STARFRUIT;4997;27;;;;;4998;1;5004;27;;;4997.5;3.26953125
-2;15200;AMETHYSTS;9998;6;9995;27;;;10005;27;;;;;10001.5;126.0
-2;15300;AMETHYSTS;9995;26;;;;;10002;1;10005;26;;;9998.5;126.0
-2;15300;STARFRUIT;4997;26;;;;;5002;4;5004;26;;;4999.5;4.1796875
-2;15400;STARFRUIT;4998;5;4997;30;;;5003;2;5004;28;;;5000.5;6.125
-2;15400;AMETHYSTS;9996;2;9995;28;;;9998;1;10004;2;10005;28;9997.0;126.0
-2;15500;STARFRUIT;4997;31;;;;;5002;8;5003;2;5004;29;4999.5;6.0390625
-2;15500;AMETHYSTS;10002;1;9996;2;9995;29;10004;2;10005;29;;;10003.0;128.0
-2;15600;STARFRUIT;4997;7;4996;24;;;5003;26;;;;;5000.0;7.30859375
-2;15600;AMETHYSTS;9996;2;9995;24;;;10004;2;10005;24;;;10000.0;130.0
-2;15700;AMETHYSTS;10002;5;9996;1;9995;24;10004;1;10005;24;;;10003.0;134.0
-2;15700;STARFRUIT;4997;25;;;;;5003;1;5004;24;;;5000.0;6.26171875
-2;15800;STARFRUIT;5002;1;4997;22;;;5004;22;;;;;5003.0;3.29296875
-2;15800;AMETHYSTS;9998;10;9996;2;9995;20;10004;2;10005;20;;;10001.0;144.0
-2;15900;STARFRUIT;4997;31;;;;;5000;6;5002;2;5004;31;4998.5;2.0703125
-2;15900;AMETHYSTS;9996;2;9995;29;;;10000;6;10004;2;10005;29;9998.0;144.0
-2;16000;STARFRUIT;4997;29;;;;;5002;2;5004;29;;;4999.5;2.46484375
-2;16000;AMETHYSTS;9996;2;9995;27;;;10002;6;10004;2;10005;27;9999.0;144.0
-2;16100;AMETHYSTS;9995;21;;;;;10000;2;10002;10;10005;21;9997.5;144.0
-2;16100;STARFRUIT;4997;21;;;;;5000;2;5004;21;;;4998.5;8.4453125
-2;16200;STARFRUIT;4996;24;;;;;4998;1;5003;24;;;4997.0;11.98046875
-2;16200;AMETHYSTS;9995;24;;;;;9998;1;10005;24;;;9996.5;144.0
-2;16300;STARFRUIT;4997;2;4996;23;;;5003;23;;;;;5000.0;12.84375
-2;16300;AMETHYSTS;9996;1;9995;22;;;10004;1;10005;22;;;10000.0;146.0
-2;16400;STARFRUIT;4996;2;4995;30;;;5002;32;;;;;4999.0;22.15234375
-2;16400;AMETHYSTS;9996;2;9995;30;;;10002;3;10004;2;10005;30;9999.0;162.0
-2;16500;AMETHYSTS;9996;2;9995;21;;;10002;7;10004;2;10005;21;9999.0;162.0
-2;16500;STARFRUIT;4996;23;;;;;5002;2;5003;21;;;4999.0;18.8671875
-2;16600;STARFRUIT;4996;29;;;;;5002;2;5003;28;;;4999.0;19.92578125
-2;16600;AMETHYSTS;9998;4;9996;2;9995;28;10004;2;10005;28;;;10001.0;162.0
-2;16700;AMETHYSTS;10002;1;9995;26;;;10005;26;;;;;10003.5;162.0
-2;16700;STARFRUIT;5001;1;4995;26;;;5002;26;;;;;5001.5;21.03515625
-2;16800;AMETHYSTS;9995;26;;;;;10005;26;;;;;10000.0;164.0
-2;16800;STARFRUIT;4996;26;;;;;5003;26;;;;;4999.5;18.609375
-2;16900;AMETHYSTS;9996;1;9995;25;;;10004;1;10005;25;;;10000.0;174.0
-2;16900;STARFRUIT;4996;26;;;;;5003;26;;;;;4999.5;15.42578125
-2;17000;STARFRUIT;4996;29;;;;;5003;29;;;;;4999.5;14.375
-2;17000;AMETHYSTS;9998;9;9995;29;;;10005;29;;;;;10001.5;174.0
-2;17100;AMETHYSTS;9996;2;9995;21;;;10004;2;10005;21;;;10000.0;174.0
-2;17100;STARFRUIT;4996;23;;;;;5002;2;5003;21;;;4999.0;19.171875
-2;17200;AMETHYSTS;9998;3;9996;2;9995;22;10004;2;10005;22;;;10001.0;174.0
-2;17200;STARFRUIT;4996;24;;;;;5003;24;;;;;4999.5;17.69921875
-2;17300;AMETHYSTS;9996;2;9995;23;;;10002;9;10004;2;10005;23;9999.0;174.0
-2;17300;STARFRUIT;4996;25;;;;;5001;6;5003;25;;;4998.5;16.0546875
-2;17400;STARFRUIT;4999;6;4996;28;;;5003;28;;;;;5001.0;20.2890625
-2;17400;AMETHYSTS;10000;6;9998;7;9995;28;10005;28;;;;;10002.5;174.0
-2;17500;AMETHYSTS;9995;26;;;;;10005;26;;;;;10000.0;174.0
-2;17500;STARFRUIT;4996;26;;;;;5003;26;;;;;4999.5;15.3125
-2;17600;AMETHYSTS;9998;6;9995;30;;;10005;30;;;;;10001.5;174.0
-2;17600;STARFRUIT;4996;30;;;;;5003;30;;;;;4999.5;12.89453125
-2;17700;AMETHYSTS;9996;2;9995;27;;;10004;2;10005;27;;;10000.0;174.0
-2;17700;STARFRUIT;5001;1;4996;2;4995;27;5002;29;;;;;5001.5;22.3203125
-2;17800;STARFRUIT;4996;26;;;;;5002;2;5003;24;;;4999.0;23.7265625
-2;17800;AMETHYSTS;9996;2;9995;24;;;10002;5;10004;2;10005;24;9999.0;174.0
-2;17900;AMETHYSTS;9995;23;;;;;10005;23;;;;;10000.0;174.0
-2;17900;STARFRUIT;4995;23;;;;;5002;23;;;;;4998.5;30.28515625
-2;18000;AMETHYSTS;9996;2;9995;25;;;10004;2;10005;25;;;10000.0;174.0
-2;18000;STARFRUIT;4996;2;4995;25;;;5002;27;;;;;4999.0;24.4140625
-2;18100;AMETHYSTS;9995;20;;;;;10005;20;;;;;10000.0;174.0
-2;18100;STARFRUIT;4996;20;;;;;5003;20;;;;;4999.5;20.2421875
-2;18200;STARFRUIT;4995;25;;;;;4997;4;5002;26;;;4996.0;25.96875
-2;18200;AMETHYSTS;9996;1;9995;25;;;10004;1;10005;25;;;10000.0;174.0
-2;18300;AMETHYSTS;9996;2;9995;23;;;10004;2;10005;23;;;10000.0;174.0
-2;18300;STARFRUIT;4995;25;;;;;5002;25;;;;;4998.5;30.5625
-2;18400;AMETHYSTS;9996;2;9995;23;;;10004;2;10005;23;;;10000.0;174.0
-2;18400;STARFRUIT;4995;25;;;;;5000;5;5002;25;;;4997.5;30.04296875
-2;18500;AMETHYSTS;9995;29;;;;;10000;2;10005;29;;;9997.5;174.0
-2;18500;STARFRUIT;4995;29;;;;;4998;1;5002;29;;;4996.5;31.29296875
-2;18600;STARFRUIT;4996;20;;;;;5001;5;5003;20;;;4998.5;23.40234375
-2;18600;AMETHYSTS;10002;1;9995;20;;;10005;20;;;;;10003.5;174.0
-2;18700;AMETHYSTS;9995;22;;;;;10005;22;;;;;10000.0;176.0
-2;18700;STARFRUIT;4996;22;;;;;5003;22;;;;;4999.5;19.57421875
-2;18800;AMETHYSTS;9996;2;9995;26;;;10004;2;10005;26;;;10000.0;176.0
-2;18800;STARFRUIT;4996;28;;;;;5002;2;5003;26;;;4999.0;21.046875
-2;18900;STARFRUIT;4996;22;;;;;5003;22;;;;;4999.5;18.0703125
-2;18900;AMETHYSTS;9998;2;9995;22;;;10005;22;;;;;10001.5;176.0
-2;19000;STARFRUIT;4995;28;;;;;4996;10;5002;28;;;4995.5;28.6015625
-2;19000;AMETHYSTS;9996;2;9995;26;;;10004;2;10005;26;;;10000.0;176.0
-2;19100;STARFRUIT;4996;2;4995;26;;;5002;28;;;;;4999.0;27.0078125
-2;19100;AMETHYSTS;9996;2;9995;26;;;10004;2;10005;26;;;10000.0;176.0
-2;19200;AMETHYSTS;9996;1;9995;20;;;9998;1;10004;1;10005;20;9997.0;176.0
-2;19200;STARFRUIT;4996;21;;;;;5002;1;5003;20;;;4999.0;22.53515625
-2;19300;STARFRUIT;4996;23;;;;;5002;2;5003;21;;;4999.0;23.47265625
-2;19300;AMETHYSTS;9996;2;9995;21;;;10004;2;10005;21;;;10000.0;178.0
-2;19400;STARFRUIT;4995;26;;;;;5002;26;;;;;4998.5;27.16015625
-2;19400;AMETHYSTS;9995;26;;;;;10005;26;;;;;10000.0;180.0
-2;19500;STARFRUIT;4995;23;;;;;5002;23;;;;;4998.5;24.2421875
-2;19500;AMETHYSTS;9995;23;;;;;10005;23;;;;;10000.0;180.0
-2;19600;AMETHYSTS;9996;2;9995;27;;;10004;2;10005;27;;;10000.0;180.0
-2;19600;STARFRUIT;4997;2;4996;27;;;5003;29;;;;;5000.0;14.10546875
-2;19700;STARFRUIT;4997;1;4996;30;;;5001;7;5003;32;;;4999.0;13.0546875
-2;19700;AMETHYSTS;10002;1;9996;2;9995;30;10004;2;10005;30;;;10003.0;180.0
-2;19800;STARFRUIT;4996;31;;;;;5003;31;;;;;4999.5;18.87109375
-2;19800;AMETHYSTS;9996;2;9995;29;;;10004;2;10005;29;;;10000.0;182.0
-2;19900;STARFRUIT;4997;2;4996;30;;;5003;32;;;;;5000.0;11.39453125
-2;19900;AMETHYSTS;9996;2;9995;30;;;10004;2;10005;30;;;10000.0;182.0
-2;20000;AMETHYSTS;9995;27;;;;;10002;4;10005;27;;;9998.5;182.0
-2;20000;STARFRUIT;4997;2;4996;27;;;5003;27;;;;;5000.0;21.1328125
-2;20100;STARFRUIT;4996;31;;;;;5001;4;5003;31;;;4998.5;18.53515625
-2;20100;AMETHYSTS;10002;1;9996;1;9995;30;10004;1;10005;30;;;10003.0;182.0
-2;20200;STARFRUIT;4996;29;;;;;5003;29;;;;;4999.5;21.5625
-2;20200;AMETHYSTS;9995;29;;;;;9998;1;10005;29;;;9996.5;184.0
-2;20300;STARFRUIT;4996;27;;;;;4997;1;5003;27;;;4996.5;16.75
-2;20300;AMETHYSTS;9995;27;;;;;10005;27;;;;;10000.0;186.0
-2;20400;AMETHYSTS;9996;1;9995;28;;;10000;4;10004;1;10005;28;9998.0;186.0
-2;20400;STARFRUIT;4997;1;4996;29;;;4999;4;5002;1;5003;28;4998.0;18.9453125
-2;20500;STARFRUIT;4999;4;4997;5;4996;32;5003;32;;;;;5001.0;11.5703125
-2;20500;AMETHYSTS;10000;3;9996;2;9995;30;10004;2;10005;30;;;10002.0;186.0
-2;20600;STARFRUIT;4997;2;4996;26;;;5003;28;;;;;5000.0;9.90625
-2;20600;AMETHYSTS;9996;2;9995;26;;;10004;2;10005;26;;;10000.0;186.0
-2;20700;STARFRUIT;4999;6;4996;22;;;5003;22;;;;;5001.0;19.5546875
-2;20700;AMETHYSTS;10002;1;10000;6;9998;4;10005;22;;;;;10003.5;186.0
-2;20800;AMETHYSTS;9996;2;9995;22;;;10004;2;10005;22;;;10000.0;188.0
-2;20800;STARFRUIT;4995;24;;;;;5002;24;;;;;4998.5;30.5625
-2;20900;STARFRUIT;5000;1;4995;23;;;5002;23;;;;;5001.0;32.34375
-2;20900;AMETHYSTS;9995;23;;;;;10005;23;;;;;10000.0;188.0
-2;21000;STARFRUIT;4996;2;4995;26;;;5002;28;;;;;4999.0;26.359375
-2;21000;AMETHYSTS;9996;2;9995;26;;;10004;2;10005;26;;;10000.0;188.0
-2;21100;STARFRUIT;4996;2;4995;22;;;5002;24;;;;;4999.0;25.6171875
-2;21100;AMETHYSTS;9996;2;9995;22;;;10004;2;10005;22;;;10000.0;188.0
-2;21200;AMETHYSTS;9995;22;;;;;9998;1;10005;22;;;9996.5;188.0
-2;21200;STARFRUIT;4995;22;;;;;5002;22;;;;;4998.5;25.2265625
-2;21300;STARFRUIT;4996;1;4995;29;;;5002;30;;;;;4999.0;26.6484375
-2;21300;AMETHYSTS;9996;1;9995;29;;;10002;7;10004;1;10005;29;9999.0;190.0
-2;21400;STARFRUIT;4996;28;;;;;5003;28;;;;;4999.5;22.2421875
-2;21400;AMETHYSTS;9995;28;;;;;10005;28;;;;;10000.0;206.0
-2;21500;STARFRUIT;5000;4;4996;21;;;5002;1;5003;20;;;5001.0;20.0078125
-2;21500;AMETHYSTS;9996;1;9995;20;;;10004;1;10005;20;;;10000.0;206.0
-2;21600;AMETHYSTS;10002;12;9996;2;9995;25;10004;2;10005;25;;;10003.0;206.0
-2;21600;STARFRUIT;4996;27;;;;;5003;27;;;;;4999.5;18.34375
-2;21700;STARFRUIT;4996;2;4995;29;;;5002;31;;;;;4999.0;24.234375
-2;21700;AMETHYSTS;9998;8;9996;2;9995;29;10004;2;10005;29;;;10001.0;230.0
-2;21800;STARFRUIT;4996;24;;;;;5003;24;;;;;4999.5;17.15625
-2;21800;AMETHYSTS;9996;2;9995;22;;;10004;2;10005;22;;;10000.0;230.0
-2;21900;STARFRUIT;4997;1;4996;21;;;5003;22;;;;;5000.0;9.015625
-2;21900;AMETHYSTS;10002;3;9996;1;9995;21;10004;1;10005;21;;;10003.0;230.0
-2;22000;AMETHYSTS;9995;21;;;;;10005;21;;;;;10000.0;236.0
-2;22000;STARFRUIT;4996;21;;;;;5003;21;;;;;4999.5;16.8125
-2;22100;STARFRUIT;4997;23;;;;;5004;24;;;;;5000.5;3.0625
-2;22100;AMETHYSTS;9996;2;9995;22;;;10002;7;10004;2;10005;22;9999.0;236.0
-2;22200;STARFRUIT;4997;21;;;;;5004;21;;;;;5000.5;-1.2421875
-2;22200;AMETHYSTS;9998;6;9996;1;9995;20;10004;1;10005;20;;;10001.0;236.0
-2;22300;STARFRUIT;4997;29;;;;;5004;29;;;;;5000.5;1.6875
-2;22300;AMETHYSTS;9996;1;9995;28;;;10004;1;10005;28;;;10000.0;246.0
-2;22400;AMETHYSTS;9996;2;9995;27;;;9998;1;10004;2;10005;27;9997.0;246.0
-2;22400;STARFRUIT;4996;29;;;;;5003;29;;;;;4999.5;13.0859375
-2;22500;STARFRUIT;4997;2;4996;29;;;5003;31;;;;;5000.0;9.171875
-2;22500;AMETHYSTS;9996;2;9995;29;;;10004;2;10005;29;;;10000.0;266.0
-2;22600;STARFRUIT;5000;6;4998;4;4997;22;5003;2;5004;20;;;5001.5;5.84375
-2;22600;AMETHYSTS;10000;6;9998;6;9996;2;10004;2;10005;20;;;10002.0;266.0
-2;22700;STARFRUIT;4997;1;4996;24;;;5003;26;;;;;5000.0;9.421875
-2;22700;AMETHYSTS;9996;2;9995;24;;;10004;2;10005;24;;;10000.0;266.0
-2;22800;AMETHYSTS;9996;1;9995;27;;;9998;2;10004;1;10005;27;9997.0;266.0
-2;22800;STARFRUIT;4996;27;;;;;5002;1;5003;27;;;4999.0;20.125
-2;22900;STARFRUIT;4996;32;;;;;5003;32;;;;;4999.5;13.4296875
-2;22900;AMETHYSTS;9996;2;9995;30;;;10002;8;10004;2;10005;30;9999.0;270.0
-2;23000;STARFRUIT;4996;22;;;;;5003;22;;;;;4999.5;16.953125
-2;23000;AMETHYSTS;9996;1;9995;21;;;10004;1;10005;21;;;10000.0;270.0
-2;23100;STARFRUIT;4996;23;;;;;5003;23;;;;;4999.5;19.78125
-2;23100;AMETHYSTS;9998;8;9995;23;;;10005;23;;;;;10001.5;270.0
-2;23200;AMETHYSTS;9998;5;9996;2;9995;29;10004;2;10005;29;;;10001.0;270.0
-2;23200;STARFRUIT;4997;31;;;;;5002;3;5004;31;;;4999.5;2.7890625
-2;23300;STARFRUIT;4998;30;;;;;5004;1;5005;29;;;5001.0;-9.9140625
-2;23300;AMETHYSTS;9996;1;9995;29;;;10004;1;10005;29;;;10000.0;270.0
-2;23400;STARFRUIT;4998;30;;;;;5005;30;;;;;5001.5;-15.609375
-2;23400;AMETHYSTS;9996;1;9995;29;;;10004;1;10005;29;;;10000.0;270.0
-2;23500;AMETHYSTS;9998;8;9996;2;9995;28;10004;2;10005;28;;;10001.0;270.0
-2;23500;STARFRUIT;4998;29;;;;;5003;4;5005;30;;;5000.5;-12.875
-2;23600;STARFRUIT;4998;27;;;;;5005;27;;;;;5001.5;-16.7421875
-2;23600;AMETHYSTS;9995;27;;;;;10005;27;;;;;10000.0;270.0
-2;23700;STARFRUIT;4997;23;;;;;5002;7;5004;23;;;4999.5;-3.09375
-2;23700;AMETHYSTS;10002;1;9996;2;9995;21;10004;2;10005;21;;;10003.0;270.0
-2;23800;STARFRUIT;5003;1;4997;30;;;5004;30;;;;;5003.5;-3.71875
-2;23800;AMETHYSTS;9995;30;;;;;10005;30;;;;;10000.0;288.0
-2;23900;AMETHYSTS;9995;30;;;;;10005;30;;;;;10000.0;288.0
-2;23900;STARFRUIT;5002;1;4998;1;4997;30;5004;30;;;;;5003.0;3.359375
-2;24000;STARFRUIT;4996;29;;;;;5003;29;;;;;4999.5;11.5703125
-2;24000;AMETHYSTS;9998;9;9995;29;;;10005;29;;;;;10001.5;288.0
-2;24100;STARFRUIT;4996;26;;;;;5001;3;5003;26;;;4998.5;21.671875
-2;24100;AMETHYSTS;9996;1;9995;25;;;10004;1;10005;25;;;10000.0;288.0
-2;24200;STARFRUIT;4996;30;;;;;5003;30;;;;;4999.5;18.3359375
-2;24200;AMETHYSTS;9996;2;9995;28;;;10002;6;10004;2;10005;28;9999.0;304.0
-2;24300;AMETHYSTS;9996;2;9995;24;;;10002;1;10004;2;10005;24;9999.0;304.0
-2;24300;STARFRUIT;4996;26;;;;;5003;26;;;;;4999.5;17.78125
-2;24400;STARFRUIT;5002;1;4996;22;;;5003;22;;;;;5002.5;16.7734375
-2;24400;AMETHYSTS;10002;1;9998;4;9996;1;10004;1;10005;21;;;10003.0;304.0
-2;24500;STARFRUIT;4997;1;4996;25;;;5003;26;;;;;5000.0;13.4375
-2;24500;AMETHYSTS;10002;1;9996;1;9995;25;10004;1;10005;25;;;10003.0;306.0
-2;24600;STARFRUIT;4996;24;;;;;5001;2;5003;24;;;4998.5;19.1875
-2;24600;AMETHYSTS;9995;24;;;;;9998;2;10005;24;;;9996.5;312.0
-2;24700;AMETHYSTS;9995;25;;;;;10005;25;;;;;10000.0;316.0
-2;24700;STARFRUIT;4996;25;;;;;5003;25;;;;;4999.5;27.5703125
-2;24800;STARFRUIT;4995;23;;;;;5002;23;;;;;4998.5;39.609375
-2;24800;AMETHYSTS;9995;23;;;;;10005;23;;;;;10000.0;316.0
-2;24900;STARFRUIT;4999;4;4995;23;;;5002;23;;;;;5000.5;41.8984375
-2;24900;AMETHYSTS;10002;1;9996;1;9995;22;10004;1;10005;22;;;10003.0;316.0
-2;25000;STARFRUIT;4995;23;;;;;5002;23;;;;;4998.5;36.7578125
-2;25000;AMETHYSTS;9995;23;;;;;10005;23;;;;;10000.0;318.0
-2;25100;AMETHYSTS;10002;1;9995;25;;;10005;25;;;;;10003.5;318.0
-2;25100;STARFRUIT;4995;25;;;;;5000;4;5002;25;;;4997.5;37.7890625
-2;25200;STARFRUIT;4996;1;4995;24;;;5000;3;5002;25;;;4998.0;33.453125
-2;25200;AMETHYSTS;9996;1;9995;24;;;9998;5;10004;1;10005;24;9997.0;320.0
-2;25300;STARFRUIT;4996;2;4995;24;;;5002;24;;;;;4999.0;41.4609375
-2;25300;AMETHYSTS;9996;2;9995;22;;;10004;2;10005;22;;;10000.0;330.0
-2;25400;AMETHYSTS;9996;1;9995;29;;;10004;1;10005;29;;;10000.0;330.0
-2;25400;STARFRUIT;5000;8;4995;30;;;5001;1;5002;29;;;5000.5;44.65625
-2;25500;AMETHYSTS;9996;1;9995;20;;;9998;6;10002;9;10004;1;9997.0;330.0
-2;25500;STARFRUIT;4995;1;4994;20;;;5001;21;;;;;4998.0;49.859375
-2;25600;STARFRUIT;4995;8;4994;23;;;5001;23;;;;;4998.0;58.3203125
-2;25600;AMETHYSTS;9996;1;9995;22;;;10002;7;10004;1;10005;22;9999.0;340.0
-2;25700;AMETHYSTS;9996;2;9995;30;;;10004;2;10005;30;;;10000.0;340.0
-2;25700;STARFRUIT;4995;32;;;;;5000;6;5001;2;5002;30;4997.5;45.75
-2;25800;AMETHYSTS;10002;4;9995;24;;;10005;24;;;;;10003.5;340.0
-2;25800;STARFRUIT;4995;23;;;;;5002;24;;;;;4998.5;39.984375
-2;25900;AMETHYSTS;9996;2;9995;23;;;10004;2;10005;23;;;10000.0;348.0
-2;25900;STARFRUIT;4995;25;;;;;5001;2;5002;23;;;4998.0;45.15625
-2;26000;STARFRUIT;4994;27;;;;;4995;5;5001;29;;;4994.5;50.359375
-2;26000;AMETHYSTS;9996;2;9995;27;;;10004;2;10005;27;;;10000.0;348.0
-2;26100;AMETHYSTS;9998;7;9995;20;;;10005;20;;;;;10001.5;348.0
-2;26100;STARFRUIT;4994;20;;;;;5001;20;;;;;4997.5;50.7578125
-2;26200;AMETHYSTS;9996;1;9995;22;;;10004;1;10005;22;;;10000.0;348.0
-2;26200;STARFRUIT;4994;23;;;;;5000;1;5001;22;;;4997.0;60.5390625
-2;26300;AMETHYSTS;9996;1;9995;29;;;9998;1;10004;1;10005;29;9997.0;348.0
-2;26300;STARFRUIT;4994;30;;;;;5001;30;;;;;4997.5;57.6015625
-2;26400;STARFRUIT;4994;5;4993;22;;;5000;22;;;;;4997.0;66.375
-2;26400;AMETHYSTS;9995;22;;;;;10005;22;;;;;10000.0;350.0
-2;26500;AMETHYSTS;9996;1;9995;23;;;10004;1;10005;23;;;10000.0;350.0
-2;26500;STARFRUIT;4993;24;;;;;5000;24;;;;;4996.5;68.8984375
-2;26600;AMETHYSTS;9996;2;9995;28;;;9998;1;10004;2;10005;28;9997.0;350.0
-2;26600;STARFRUIT;4994;6;4993;30;;;5000;30;;;;;4997.0;75.84375
-2;26700;AMETHYSTS;9998;2;9996;1;9995;23;10004;1;10005;23;;;10001.0;352.0
-2;26700;STARFRUIT;4993;24;;;;;4998;6;4999;1;5000;23;4995.5;79.109375
-2;26800;STARFRUIT;4998;1;4992;30;;;4999;30;;;;;4998.5;88.1328125
-2;26800;AMETHYSTS;9996;2;9995;28;;;10004;2;10005;28;;;10000.0;352.0
-2;26900;AMETHYSTS;10002;1;9995;30;;;10005;30;;;;;10003.5;352.0
-2;26900;STARFRUIT;4991;30;;;;;4992;1;4998;30;;;4991.5;101.8359375
-2;27000;AMETHYSTS;9995;28;;;;;10002;1;10005;28;;;9998.5;354.0
-2;27000;STARFRUIT;4992;2;4991;28;;;4998;28;;;;;4995.0;108.765625
-2;27100;AMETHYSTS;9995;24;;;;;10005;24;;;;;10000.0;354.0
-2;27100;STARFRUIT;4992;3;4991;24;;;4998;24;;;;;4995.0;113.65625
-2;27200;STARFRUIT;4991;21;;;;;4996;2;4998;21;;;4993.5;115.78125
-2;27200;AMETHYSTS;9998;2;9995;21;;;10005;21;;;;;10001.5;354.0
-2;27300;AMETHYSTS;9996;2;9995;29;;;10004;2;10005;29;;;10000.0;354.0
-2;27300;STARFRUIT;4996;1;4991;31;;;4997;2;4998;29;;;4996.5;115.296875
-2;27400;AMETHYSTS;9995;21;;;;;10005;21;;;;;10000.0;354.0
-2;27400;STARFRUIT;4991;21;;;;;4998;21;;;;;4994.5;105.5625
-2;27500;AMETHYSTS;9996;1;9995;22;;;10004;1;10005;22;;;10000.0;354.0
-2;27500;STARFRUIT;4992;23;;;;;4997;6;4998;1;4999;22;4994.5;99.4375
-2;27600;STARFRUIT;4993;6;4992;24;;;4999;24;;;;;4996.0;101.359375
-2;27600;AMETHYSTS;9998;5;9995;24;;;10005;24;;;;;10001.5;354.0
-2;27700;STARFRUIT;4992;24;;;;;4993;5;4999;24;;;4992.5;95.8828125
-2;27700;AMETHYSTS;9995;24;;;;;10005;24;;;;;10000.0;354.0
-2;27800;AMETHYSTS;9998;9;9996;2;9995;26;10004;2;10005;26;;;10001.0;354.0
-2;27800;STARFRUIT;4992;28;;;;;4997;3;4998;2;4999;26;4994.5;101.1171875
-2;27900;STARFRUIT;4998;1;4992;29;;;4999;29;;;;;4998.5;90.171875
-2;27900;AMETHYSTS;9996;2;9995;27;;;10002;4;10004;2;10005;27;9999.0;354.0
-2;28000;STARFRUIT;4992;28;;;;;4999;28;;;;;4995.5;88.1953125
-2;28000;AMETHYSTS;9998;2;9995;28;;;10005;28;;;;;10001.5;354.0
-2;28100;STARFRUIT;4992;26;;;;;4999;26;;;;;4995.5;99.0
-2;28100;AMETHYSTS;9996;2;9995;24;;;10004;2;10005;24;;;10000.0;354.0
-2;28200;AMETHYSTS;9996;1;9995;25;;;9998;2;10004;1;10005;25;9997.0;354.0
-2;28200;STARFRUIT;4992;26;;;;;4997;5;4999;26;;;4994.5;93.0078125
-2;28300;STARFRUIT;4993;1;4992;23;;;4994;2;4999;24;;;4993.5;86.5234375
-2;28300;AMETHYSTS;9996;1;9995;23;;;10004;1;10005;23;;;10000.0;358.0
-2;28400;STARFRUIT;4992;1;4991;23;;;4998;25;;;;;4995.0;107.921875
-2;28400;AMETHYSTS;9996;2;9995;23;;;10004;2;10005;23;;;10000.0;358.0
-2;28500;STARFRUIT;4991;23;;;;;4998;23;;;;;4994.5;113.890625
-2;28500;AMETHYSTS;9998;10;9995;23;;;10005;23;;;;;10001.5;358.0
-2;28600;AMETHYSTS;10002;1;9996;2;9995;21;10004;2;10005;21;;;10003.0;358.0
-2;28600;STARFRUIT;4991;23;;;;;4996;8;4998;23;;;4993.5;117.671875
-2;28700;STARFRUIT;4990;30;;;;;4997;30;;;;;4993.5;133.046875
-2;28700;AMETHYSTS;9995;30;;;;;10005;30;;;;;10000.0;360.0
-2;28800;STARFRUIT;4990;27;;;;;4997;27;;;;;4993.5;141.5546875
-2;28800;AMETHYSTS;9995;27;;;;;10005;27;;;;;10000.0;360.0
-2;28900;STARFRUIT;4990;5;4989;21;;;4996;22;;;;;4993.0;149.109375
-2;28900;AMETHYSTS;9998;7;9996;1;9995;21;10004;1;10005;21;;;10001.0;360.0
-2;29000;AMETHYSTS;9995;24;;;;;10005;24;;;;;10000.0;360.0
-2;29000;STARFRUIT;4989;24;;;;;4990;1;4996;24;;;4989.5;145.09375
-2;29100;STARFRUIT;4991;3;4990;28;;;4996;2;4997;26;;;4993.5;142.71875
-2;29100;AMETHYSTS;9996;2;9995;26;;;10004;2;10005;26;;;10000.0;376.0
-2;29200;STARFRUIT;4996;1;4991;31;;;4997;1;4998;30;;;4996.5;121.8359375
-2;29200;AMETHYSTS;9996;1;9995;30;;;10004;1;10005;30;;;10000.0;376.0
-2;29300;STARFRUIT;4991;32;;;;;4995;2;4997;32;;;4993.0;124.9921875
-2;29300;AMETHYSTS;9996;2;9995;30;;;10002;3;10004;2;10005;30;9999.0;376.0
-2;29400;AMETHYSTS;10002;1;9996;1;9995;25;10004;1;10005;25;;;10003.0;376.0
-2;29400;STARFRUIT;4991;25;;;;;4998;26;;;;;4994.5;115.828125
-2;29500;STARFRUIT;4992;2;4991;29;;;4998;29;;;;;4995.0;115.21875
-2;29500;AMETHYSTS;9996;2;9995;27;;;10004;2;10005;27;;;10000.0;378.0
-2;29600;STARFRUIT;4991;30;;;;;4996;3;4998;30;;;4993.5;113.078125
-2;29600;AMETHYSTS;9996;2;9995;28;;;10004;2;10005;28;;;10000.0;378.0
-2;29700;STARFRUIT;4992;2;4991;26;;;4997;1;4998;25;;;4994.5;122.328125
-2;29700;AMETHYSTS;9996;1;9995;25;;;10002;4;10004;1;10005;25;9999.0;378.0
-2;29800;AMETHYSTS;9998;6;9996;1;9995;30;10004;1;10005;30;;;10001.0;378.0
-2;29800;STARFRUIT;4990;31;;;;;4995;1;4997;31;;;4992.5;137.546875
-2;29900;STARFRUIT;4991;8;4990;21;;;4997;21;;;;;4994.0;143.6640625
-2;29900;AMETHYSTS;9995;21;;;;;10005;21;;;;;10000.0;378.0
-2;30000;STARFRUIT;4990;31;;;;;4997;31;;;;;4993.5;137.6171875
-2;30000;AMETHYSTS;9998;3;9996;1;9995;30;10004;1;10005;30;;;10001.0;378.0
-2;30100;STARFRUIT;4991;30;;;;;4997;30;;;;;4994.0;125.0390625
-2;30100;AMETHYSTS;9996;2;9995;28;;;10004;2;10005;28;;;10000.0;380.0
-2;30200;AMETHYSTS;9996;2;9995;20;;;10004;2;10005;20;;;10000.0;380.0
-2;30200;STARFRUIT;4991;22;;;;;4997;2;4998;20;;;4994.0;120.2421875
-2;30300;STARFRUIT;4996;1;4991;31;;;4998;31;;;;;4997.0;116.296875
-2;30300;AMETHYSTS;9996;2;9995;29;;;10002;9;10004;2;10005;29;9999.0;380.0
-2;30400;STARFRUIT;4994;5;4991;31;;;4997;2;4998;29;;;4995.5;122.984375
-2;30400;AMETHYSTS;10000;5;9996;2;9995;29;10002;8;10004;2;10005;29;10001.0;380.0
-2;30500;STARFRUIT;4991;22;;;;;4998;22;;;;;4994.5;110.7890625
-2;30500;AMETHYSTS;9998;5;9996;2;9995;20;10004;2;10005;20;;;10001.0;380.0
-2;30600;AMETHYSTS;9996;2;9995;20;;;10002;4;10004;2;10005;20;9999.0;380.0
-2;30600;STARFRUIT;4992;21;;;;;4998;2;4999;20;;;4995.0;100.109375
-2;30700;STARFRUIT;4992;30;;;;;4999;30;;;;;4995.5;104.359375
-2;30700;AMETHYSTS;9995;30;;;;;10005;30;;;;;10000.0;380.0
-2;30800;STARFRUIT;4993;3;4992;31;;;4998;1;4999;30;;;4995.5;104.734375
-2;30800;AMETHYSTS;9996;1;9995;30;;;10004;1;10005;30;;;10000.0;380.0
-2;30900;STARFRUIT;4991;30;;;;;4996;7;4998;30;;;4993.5;112.6875
-2;30900;AMETHYSTS;9996;2;9995;28;;;10002;6;10004;2;10005;28;9999.0;380.0
-2;31000;AMETHYSTS;10000;4;9996;1;9995;22;10004;1;10005;22;;;10002.0;380.0
-2;31000;STARFRUIT;4995;4;4993;7;4992;23;4998;1;4999;22;;;4996.5;101.015625
-2;31100;STARFRUIT;4992;29;;;;;4999;29;;;;;4995.5;97.8046875
-2;31100;AMETHYSTS;9996;2;9995;27;;;10004;2;10005;27;;;10000.0;380.0
-2;31200;STARFRUIT;4992;31;;;;;4999;31;;;;;4995.5;98.578125
-2;31200;AMETHYSTS;9996;2;9995;29;;;10002;6;10004;2;10005;29;9999.0;380.0
-2;31300;STARFRUIT;4992;24;;;;;4999;24;;;;;4995.5;95.3515625
-2;31300;AMETHYSTS;9996;1;9995;23;;;10004;1;10005;23;;;10000.0;380.0
-2;31400;AMETHYSTS;9995;26;;;;;9998;1;10005;26;;;9996.5;380.0
-2;31400;STARFRUIT;4992;26;;;;;4999;26;;;;;4995.5;91.859375
-2;31500;STARFRUIT;4993;5;4992;30;;;4999;30;;;;;4996.0;95.1484375
-2;31500;AMETHYSTS;9995;30;;;;;10005;30;;;;;10000.0;382.0
-2;31600;STARFRUIT;4997;1;4992;27;;;4998;27;;;;;4997.5;105.046875
-2;31600;AMETHYSTS;9995;27;;;;;10005;27;;;;;10000.0;382.0
-2;31700;STARFRUIT;4991;24;;;;;4996;3;4998;24;;;4993.5;115.28125
-2;31700;AMETHYSTS;9996;2;9995;22;;;10004;2;10005;22;;;10000.0;382.0
-2;31800;AMETHYSTS;10000;6;9996;1;9995;25;10004;1;10005;25;;;10002.0;382.0
-2;31800;STARFRUIT;4993;6;4991;1;4990;25;4997;26;;;;;4995.0;129.1328125
-2;31900;STARFRUIT;4991;4;4990;28;;;4997;28;;;;;4994.0;125.4765625
-2;31900;AMETHYSTS;9998;3;9995;28;;;10005;28;;;;;10001.5;382.0
-2;32000;STARFRUIT;4992;3;4991;24;;;4998;25;;;;;4995.0;107.84375
-2;32000;AMETHYSTS;9996;1;9995;24;;;10004;1;10005;24;;;10000.0;386.0
-2;32100;STARFRUIT;4991;29;;;;;4997;1;4998;28;;;4994.0;121.375
-2;32100;AMETHYSTS;9996;1;9995;28;;;10004;1;10005;28;;;10000.0;386.0
-2;32200;STARFRUIT;4991;28;;;;;4997;1;4998;27;;;4994.0;120.296875
-2;32200;AMETHYSTS;9996;1;9995;27;;;10004;1;10005;27;;;10000.0;386.0
-2;32300;STARFRUIT;4991;25;;;;;4998;25;;;;;4994.5;117.0390625
-2;32300;AMETHYSTS;9995;25;;;;;10005;25;;;;;10000.0;386.0
-2;32400;STARFRUIT;4991;30;;;;;4997;1;4998;30;;;4994.0;124.890625
-2;32400;AMETHYSTS;9996;1;9995;30;;;10004;1;10005;30;;;10000.0;386.0
-2;32500;AMETHYSTS;9998;1;9996;1;9995;21;10004;1;10005;21;;;10001.0;386.0
-2;32500;STARFRUIT;4991;21;;;;;4996;5;4997;1;4998;21;4993.5;123.28125
-2;32600;STARFRUIT;4990;30;;;;;4997;30;;;;;4993.5;132.0234375
-2;32600;AMETHYSTS;10002;1;9995;30;;;10005;30;;;;;10003.5;386.0
-2;32700;STARFRUIT;4991;24;;;;;4997;2;4998;22;;;4994.0;122.4921875
-2;32700;AMETHYSTS;9996;2;9995;22;;;10004;2;10005;22;;;10000.0;392.0
-2;32800;STARFRUIT;4991;2;4990;28;;;4997;30;;;;;4994.0;127.234375
-2;32800;AMETHYSTS;9996;2;9995;28;;;10004;2;10005;28;;;10000.0;392.0
-2;32900;AMETHYSTS;9996;2;9995;27;;;10004;2;10005;27;;;10000.0;410.0
-2;32900;STARFRUIT;4991;2;4990;27;;;4997;29;;;;;4994.0;126.4453125
-2;33000;STARFRUIT;4996;1;4991;30;;;4997;2;4998;28;;;4996.5;121.015625
-2;33000;AMETHYSTS;9996;2;9995;28;;;10004;2;10005;28;;;10000.0;410.0
-2;33100;STARFRUIT;4991;28;;;;;4996;3;4997;1;4998;28;4993.5;124.453125
-2;33100;AMETHYSTS;9996;1;9995;28;;;10004;1;10005;28;;;10000.0;410.0
-2;33200;STARFRUIT;4990;20;;;;;4991;10;4997;21;;;4990.5;138.734375
-2;33200;AMETHYSTS;9996;1;9995;20;;;10002;7;10004;1;10005;20;9999.0;410.0
-2;33300;AMETHYSTS;9996;1;9995;20;;;10004;1;10005;20;;;10000.0;410.0
-2;33300;STARFRUIT;4990;21;;;;;4996;1;4997;20;;;4993.0;142.96875
-2;33400;STARFRUIT;4990;32;;;;;4997;32;;;;;4993.5;136.9140625
-2;33400;AMETHYSTS;9996;2;9995;30;;;10002;3;10004;2;10005;30;9999.0;410.0
-2;33500;STARFRUIT;4990;21;;;;;4997;21;;;;;4993.5;137.609375
-2;33500;AMETHYSTS;9996;1;9995;20;;;10004;1;10005;20;;;10000.0;410.0
-2;33600;STARFRUIT;4990;27;;;;;4997;27;;;;;4993.5;135.7890625
-2;33600;AMETHYSTS;10002;6;9995;27;;;10005;27;;;;;10003.5;412.0
-2;33700;AMETHYSTS;9996;1;9995;27;;;10002;1;10004;1;10005;27;9999.0;424.0
-2;33700;STARFRUIT;4991;4;4990;28;;;4996;1;4997;27;;;4993.5;144.40625
-2;33800;STARFRUIT;4994;3;4991;5;4990;26;4996;1;4997;25;;;4995.0;143.28125
-2;33800;AMETHYSTS;9996;1;9995;25;;;10004;1;10005;25;;;10000.0;424.0
-2;33900;STARFRUIT;4990;24;;;;;4997;24;;;;;4993.5;137.5
-2;33900;AMETHYSTS;9995;24;;;;;10005;24;;;;;10000.0;424.0
-2;34000;STARFRUIT;4990;29;;;;;4995;8;4997;30;;;4992.5;137.2265625
-2;34000;AMETHYSTS;10002;1;9995;30;;;10005;30;;;;;10003.5;424.0
-2;34100;AMETHYSTS;9996;1;9995;22;;;10004;1;10005;22;;;10000.0;426.0
-2;34100;STARFRUIT;4992;2;4991;23;;;4997;1;4998;22;;;4994.5;122.0625
-2;34200;STARFRUIT;4991;23;;;;;4996;1;4998;23;;;4993.5;123.734375
-2;34200;AMETHYSTS;9995;23;;;;;10005;23;;;;;10000.0;432.0
-2;34300;AMETHYSTS;10002;1;9996;1;9995;22;10004;1;10005;22;;;10003.0;432.0
-2;34300;STARFRUIT;4990;23;;;;;4997;23;;;;;4993.5;132.03125
-2;34400;AMETHYSTS;9996;2;9995;23;;;10004;2;10005;23;;;10000.0;434.0
-2;34400;STARFRUIT;4991;3;4990;25;;;4996;25;;;;;4993.5;144.921875
-2;34500;AMETHYSTS;9995;30;;;;;10005;30;;;;;10000.0;434.0
-2;34500;STARFRUIT;4990;30;;;;;4991;5;4995;1;4997;30;4990.5;135.7734375
-2;34600;STARFRUIT;4990;28;;;;;4997;29;;;;;4993.5;136.2578125
-2;34600;AMETHYSTS;9995;29;;;;;10005;29;;;;;10000.0;434.0
-2;34700;AMETHYSTS;9998;6;9995;24;;;10005;24;;;;;10001.5;434.0
-2;34700;STARFRUIT;4990;24;;;;;4997;24;;;;;4993.5;128.21875
-2;34800;AMETHYSTS;9996;2;9995;23;;;10004;2;10005;23;;;10000.0;434.0
-2;34800;STARFRUIT;4991;25;;;;;4997;2;4998;23;;;4994.0;124.59375
-2;34900;AMETHYSTS;9996;1;9995;20;;;10004;1;10005;20;;;10000.0;434.0
-2;34900;STARFRUIT;4991;21;;;;;4998;21;;;;;4994.5;111.6796875
-2;35000;STARFRUIT;4997;1;4992;20;;;4999;20;;;;;4998.0;101.609375
-2;35000;AMETHYSTS;10002;1;9995;20;;;10005;20;;;;;10003.5;434.0
-2;35100;AMETHYSTS;10002;3;9996;2;9995;29;10004;2;10005;29;;;10003.0;436.0
-2;35100;STARFRUIT;4992;31;;;;;4998;2;4999;29;;;4995.0;104.640625
-2;35200;AMETHYSTS;9996;2;9995;28;;;10002;10;10004;2;10005;28;9999.0;442.0
-2;35200;STARFRUIT;4993;3;4992;30;;;4998;2;4999;28;;;4995.5;102.46875
-2;35300;AMETHYSTS;9998;6;9996;1;9995;27;10004;1;10005;27;;;10001.0;442.0
-2;35300;STARFRUIT;4992;28;;;;;4993;8;4999;28;;;4992.5;93.84375
-2;35400;STARFRUIT;4997;1;4993;2;4992;25;4999;25;;;;;4998.0;103.703125
-2;35400;AMETHYSTS;10002;3;9995;25;;;10005;25;;;;;10003.5;442.0
-2;35500;AMETHYSTS;9996;2;9995;26;;;10004;2;10005;26;;;10000.0;448.0
-2;35500;STARFRUIT;4992;28;;;;;4999;28;;;;;4995.5;92.171875
-2;35600;AMETHYSTS;9995;26;;;;;10005;26;;;;;10000.0;448.0
-2;35600;STARFRUIT;4993;26;;;;;5000;26;;;;;4996.5;82.5390625
-2;35700;AMETHYSTS;9996;2;9995;27;;;10004;2;10005;27;;;10000.0;448.0
-2;35700;STARFRUIT;4993;29;;;;;5000;29;;;;;4996.5;74.7265625
-2;35800;STARFRUIT;4993;31;;;;;4994;2;5000;31;;;4993.5;76.3359375
-2;35800;AMETHYSTS;9998;7;9996;1;9995;30;10004;1;10005;30;;;10001.0;448.0
-2;35900;AMETHYSTS;9996;2;9995;21;;;10004;2;10005;21;;;10000.0;448.0
-2;35900;STARFRUIT;4993;23;;;;;5000;23;;;;;4996.5;73.953125
-2;36000;AMETHYSTS;9995;30;;;;;10002;5;10005;30;;;9998.5;448.0
-2;36000;STARFRUIT;4993;30;;;;;4998;3;5000;30;;;4995.5;82.859375
-2;36100;AMETHYSTS;10002;8;9996;2;9995;24;10004;2;10005;24;;;10003.0;448.0
-2;36100;STARFRUIT;4993;26;;;;;4999;2;5000;24;;;4996.0;82.4140625
-2;36200;STARFRUIT;4993;1;4992;29;;;4999;30;;;;;4996.0;87.109375
-2;36200;AMETHYSTS;9996;1;9995;29;;;9998;1;10004;1;10005;29;9997.0;464.0
-2;36300;AMETHYSTS;9996;1;9995;21;;;10004;1;10005;21;;;10000.0;466.0
-2;36300;STARFRUIT;4993;1;4992;21;;;4997;6;4999;22;;;4995.0;86.4375
-2;36400;AMETHYSTS;9998;1;9996;1;9995;20;10004;1;10005;20;;;10001.0;466.0
-2;36400;STARFRUIT;4998;1;4993;3;4992;21;4999;21;;;;;4998.5;90.390625
-2;36500;AMETHYSTS;9995;25;;;;;10005;25;;;;;10000.0;466.0
-2;36500;STARFRUIT;4992;25;;;;;4994;2;4999;25;;;4993.0;88.140625
-2;36600;STARFRUIT;4993;29;;;;;5000;29;;;;;4996.5;78.765625
-2;36600;AMETHYSTS;9996;1;9995;28;;;10004;1;10005;28;;;10000.0;466.0
-2;36700;STARFRUIT;4992;21;;;;;4999;21;;;;;4995.5;89.21875
-2;36700;AMETHYSTS;9995;21;;;;;10005;21;;;;;10000.0;466.0
-2;36800;AMETHYSTS;9995;30;;;;;10005;30;;;;;10000.0;466.0
-2;36800;STARFRUIT;4993;30;;;;;5000;30;;;;;4996.5;81.8671875
-2;36900;STARFRUIT;4992;27;;;;;4999;27;;;;;4995.5;97.734375
-2;36900;AMETHYSTS;9996;1;9995;26;;;10004;1;10005;26;;;10000.0;466.0
-2;37000;STARFRUIT;4991;25;;;;;4998;25;;;;;4994.5;114.953125
-2;37000;AMETHYSTS;9996;2;9995;23;;;10004;2;10005;23;;;10000.0;466.0
-2;37100;STARFRUIT;4992;4;4991;23;;;4998;23;;;;;4995.0;115.921875
-2;37100;AMETHYSTS;9996;2;9995;21;;;10004;2;10005;21;;;10000.0;466.0
-2;37200;AMETHYSTS;9996;1;9995;20;;;10004;1;10005;20;;;10000.0;466.0
-2;37200;STARFRUIT;4992;4;4991;21;;;4998;21;;;;;4995.0;115.890625
-2;37300;STARFRUIT;4992;4;4991;28;;;4998;28;;;;;4995.0;112.375
-2;37300;AMETHYSTS;9996;1;9995;27;;;9998;10;10002;4;10004;1;9997.0;466.0
-2;37400;STARFRUIT;4990;30;;;;;4997;30;;;;;4993.5;125.5078125
-2;37400;AMETHYSTS;10002;1;9998;2;9995;30;10005;30;;;;;10003.5;486.0
-2;37500;STARFRUIT;4991;2;4990;25;;;4997;27;;;;;4994.0;126.0
-2;37500;AMETHYSTS;9996;2;9995;25;;;10004;2;10005;25;;;10000.0;488.0
-2;37600;AMETHYSTS;9995;22;;;;;10002;7;10005;22;;;9998.5;490.0
-2;37600;STARFRUIT;4991;22;;;;;4997;22;;;;;4994.0;125.0078125
-2;37700;STARFRUIT;4991;24;;;;;4998;24;;;;;4994.5;115.03125
-2;37700;AMETHYSTS;9996;1;9995;23;;;10004;1;10005;23;;;10000.0;490.0
-2;37800;STARFRUIT;4991;24;;;;;4998;25;;;;;4994.5;115.8671875
-2;37800;AMETHYSTS;9995;25;;;;;10005;25;;;;;10000.0;490.0
-2;37900;STARFRUIT;4991;25;;;;;4998;25;;;;;4994.5;111.6796875
-2;37900;AMETHYSTS;9995;25;;;;;10005;25;;;;;10000.0;490.0
-2;38000;AMETHYSTS;10002;1;9996;2;9995;30;10004;2;10005;30;;;10003.0;490.0
-2;38000;STARFRUIT;4991;32;;;;;4996;4;4998;32;;;4993.5;119.46875
-2;38100;STARFRUIT;4991;28;;;;;4997;2;4998;26;;;4994.0;120.984375
-2;38100;AMETHYSTS;9996;2;9995;26;;;10002;2;10004;2;10005;26;9999.0;492.0
-2;38200;STARFRUIT;4991;28;;;;;4997;1;4998;27;;;4994.0;124.5390625
-2;38200;AMETHYSTS;9996;1;9995;27;;;10004;1;10005;27;;;10000.0;492.0
-2;38300;STARFRUIT;4991;26;;;;;4998;26;;;;;4994.5;118.96875
-2;38300;AMETHYSTS;9998;5;9995;26;;;10005;26;;;;;10001.5;492.0
-2;38400;AMETHYSTS;9996;1;9995;23;;;10000;6;10004;1;10005;23;9998.0;492.0
-2;38400;STARFRUIT;4991;1;4990;23;;;4993;6;4997;24;;;4992.0;126.84375
-2;38500;STARFRUIT;4990;21;;;;;4997;21;;;;;4993.5;133.5078125
-2;38500;AMETHYSTS;10002;1;9995;21;;;10005;21;;;;;10003.5;492.0
-2;38600;STARFRUIT;4991;2;4990;28;;;4997;30;;;;;4994.0;128.9375
-2;38600;AMETHYSTS;9996;2;9995;28;;;10004;2;10005;28;;;10000.0;494.0
-2;38700;STARFRUIT;4991;20;;;;;4998;20;;;;;4994.5;114.703125
-2;38700;AMETHYSTS;9995;20;;;;;10005;20;;;;;10000.0;496.0
-2;38800;AMETHYSTS;9996;1;9995;20;;;10002;1;10004;1;10005;20;9999.0;496.0
-2;38800;STARFRUIT;4991;21;;;;;4993;2;4996;1;4998;21;4992.0;111.6796875
-2;38900;STARFRUIT;4992;2;4991;30;;;4996;7;4998;32;;;4994.0;109.28125
-2;38900;AMETHYSTS;9996;2;9995;30;;;10004;2;10005;30;;;10000.0;512.0
-2;39000;STARFRUIT;4991;23;;;;;4998;23;;;;;4994.5;112.046875
-2;39000;AMETHYSTS;9995;23;;;;;10002;9;10005;23;;;9998.5;512.0
-2;39100;STARFRUIT;4992;25;;;;;4998;1;4999;24;;;4995.0;103.40625
-2;39100;AMETHYSTS;9998;8;9996;1;9995;24;10004;1;10005;24;;;10001.0;512.0
-2;39200;AMETHYSTS;9996;1;9995;29;;;10004;1;10005;29;;;10000.0;512.0
-2;39200;STARFRUIT;4992;30;;;;;4997;2;4999;30;;;4994.5;99.125
-2;39300;STARFRUIT;4992;27;;;;;4999;27;;;;;4995.5;85.34375
-2;39300;AMETHYSTS;9995;27;;;;;10005;27;;;;;10000.0;512.0
-2;39400;STARFRUIT;4993;31;;;;;4998;5;4999;1;5000;30;4995.5;82.7265625
-2;39400;AMETHYSTS;9996;1;9995;30;;;10004;1;10005;30;;;10000.0;512.0
-2;39500;STARFRUIT;4992;27;;;;;4997;3;4999;27;;;4994.5;90.296875
-2;39500;AMETHYSTS;9995;27;;;;;9998;1;10002;2;10005;27;9996.5;514.0
-2;39600;AMETHYSTS;9995;23;;;;;10005;23;;;;;10000.0;516.0
-2;39600;STARFRUIT;4997;4;4992;23;;;4999;23;;;;;4998.0;94.84375
-2;39700;STARFRUIT;4993;4;4992;24;;;4998;2;4999;22;;;4995.5;102.7265625
-2;39700;AMETHYSTS;9996;2;9995;22;;;10004;2;10005;22;;;10000.0;516.0
-2;39800;STARFRUIT;4991;28;;;;;4998;28;;;;;4994.5;112.6953125
-2;39800;AMETHYSTS;9996;1;9995;27;;;10004;1;10005;27;;;10000.0;516.0
-2;39900;STARFRUIT;4992;31;;;;;4998;1;4999;30;;;4995.0;102.6484375
-2;39900;AMETHYSTS;9996;1;9995;30;;;10002;4;10004;1;10005;30;9999.0;516.0
-2;40000;AMETHYSTS;9995;22;;;;;10005;22;;;;;10000.0;516.0
-2;40000;STARFRUIT;4992;22;;;;;4999;22;;;;;4995.5;96.2421875
-2;40100;STARFRUIT;4992;2;4991;29;;;4998;31;;;;;4995.0;106.109375
-2;40100;AMETHYSTS;9996;2;9995;29;;;10002;8;10004;2;10005;29;9999.0;516.0
-2;40200;STARFRUIT;4992;29;;;;;4999;29;;;;;4995.5;91.953125
-2;40200;AMETHYSTS;9996;1;9995;28;;;10004;1;10005;28;;;10000.0;516.0
-2;40300;STARFRUIT;4992;22;;;;;4999;22;;;;;4995.5;90.015625
-2;40300;AMETHYSTS;9995;22;;;;;9998;1;10005;22;;;9996.5;516.0
-2;40400;AMETHYSTS;9996;1;9995;23;;;10004;1;10005;23;;;10000.0;518.0
-2;40400;STARFRUIT;4992;24;;;;;4999;24;;;;;4995.5;97.65625
-2;40500;STARFRUIT;4992;29;;;;;4993;1;4999;29;;;4992.5;94.6015625
-2;40500;AMETHYSTS;10002;1;9996;2;9995;27;10004;2;10005;27;;;10003.0;518.0
-2;40600;STARFRUIT;4993;4;4992;26;;;4999;26;;;;;4996.0;95.1640625
-2;40600;AMETHYSTS;9996;2;9995;24;;;10004;2;10005;24;;;10000.0;520.0
-2;40700;STARFRUIT;4992;22;;;;;4998;2;4999;20;;;4995.0;101.328125
-2;40700;AMETHYSTS;9998;7;9996;2;9995;20;10004;2;10005;20;;;10001.0;520.0
-2;40800;AMETHYSTS;9995;27;;;;;10005;27;;;;;10000.0;520.0
-2;40800;STARFRUIT;4991;27;;;;;4998;27;;;;;4994.5;116.8046875
-2;40900;STARFRUIT;4991;28;;;;;4998;28;;;;;4994.5;116.53125
-2;40900;AMETHYSTS;9998;10;9996;2;9995;26;10004;2;10005;26;;;10001.0;520.0
-2;41000;STARFRUIT;4991;21;;;;;4992;1;4996;3;4998;21;4991.5;114.2265625
-2;41000;AMETHYSTS;9995;21;;;;;10002;10;10005;21;;;9998.5;542.0
-2;41100;AMETHYSTS;9995;27;;;;;10005;27;;;;;10000.0;542.0
-2;41100;STARFRUIT;4990;27;;;;;4991;1;4992;2;4997;27;4990.5;134.765625
-2;41200;STARFRUIT;4990;29;;;;;4997;29;;;;;4993.5;130.375
-2;41200;AMETHYSTS;9995;29;;;;;10005;29;;;;;10000.0;542.0
-2;41300;STARFRUIT;4991;1;4990;24;;;4995;4;4997;25;;;4993.0;125.46875
-2;41300;AMETHYSTS;9998;2;9996;1;9995;24;10004;1;10005;24;;;10001.0;542.0
-2;41400;STARFRUIT;4991;2;4990;23;;;4993;4;4995;5;4997;25;4992.0;129.2265625
-2;41400;AMETHYSTS;9998;5;9996;2;9995;23;10000;4;10004;2;10005;23;9999.0;542.0
-2;41500;AMETHYSTS;9998;8;9996;2;9995;20;10004;2;10005;20;;;10001.0;542.0
-2;41500;STARFRUIT;4991;2;4990;20;;;4995;1;4997;22;;;4993.0;128.3515625
-2;41600;STARFRUIT;4990;23;;;;;4995;7;4997;23;;;4992.5;130.59375
-2;41600;AMETHYSTS;9996;1;9995;22;;;10004;1;10005;22;;;10000.0;542.0
-2;41700;STARFRUIT;4993;4;4990;21;;;4997;21;;;;;4995.0;137.2734375
-2;41700;AMETHYSTS;10000;5;9995;21;;;10005;21;;;;;10002.5;542.0
-2;41800;STARFRUIT;4990;24;;;;;4996;2;4997;22;;;4993.0;140.15625
-2;41800;AMETHYSTS;9996;2;9995;22;;;10004;2;10005;22;;;10000.0;542.0
-2;41900;AMETHYSTS;9996;1;9995;21;;;9998;4;10004;1;10005;21;9997.0;542.0
-2;41900;STARFRUIT;4991;1;4990;21;;;4995;1;4997;22;;;4993.0;129.4140625
-2;42000;STARFRUIT;4990;31;;;;;4995;5;4996;2;4997;30;4992.5;140.9765625
-2;42000;AMETHYSTS;9996;2;9995;30;;;10004;2;10005;30;;;10000.0;550.0
-2;42100;STARFRUIT;4990;23;;;;;4997;23;;;;;4993.5;139.1015625
-2;42100;AMETHYSTS;9998;8;9996;2;9995;21;10004;2;10005;21;;;10001.0;550.0
-2;42200;STARFRUIT;4990;28;;;;;4997;28;;;;;4993.5;137.65625
-2;42200;AMETHYSTS;10002;1;9995;28;;;10005;28;;;;;10003.5;550.0
-2;42300;AMETHYSTS;9995;20;;;;;10005;20;;;;;10000.0;552.0
-2;42300;STARFRUIT;4990;20;;;;;4991;7;4995;2;4997;20;4990.5;143.296875
-2;42400;STARFRUIT;4990;1;4989;29;;;4996;31;;;;;4993.0;146.828125
-2;42400;AMETHYSTS;9996;2;9995;29;;;10004;2;10005;29;;;10000.0;552.0
-2;42500;STARFRUIT;4989;24;;;;;4996;24;;;;;4992.5;157.9765625
-2;42500;AMETHYSTS;9995;24;;;;;10002;3;10005;24;;;9998.5;552.0
-2;42600;STARFRUIT;4989;26;;;;;4996;26;;;;;4992.5;164.7734375
-2;42600;AMETHYSTS;9995;26;;;;;10005;26;;;;;10000.0;572.0
-2;42700;AMETHYSTS;9995;26;;;;;10005;26;;;;;10000.0;576.0
-2;42700;STARFRUIT;4989;26;;;;;4996;26;;;;;4992.5;164.671875
-2;42800;STARFRUIT;4989;30;;;;;4996;30;;;;;4992.5;162.09375
-2;42800;AMETHYSTS;9995;30;;;;;10005;30;;;;;10000.0;576.0
-2;42900;STARFRUIT;4988;25;;;;;4995;25;;;;;4991.5;169.25
-2;42900;AMETHYSTS;9995;25;;;;;10005;25;;;;;10000.0;576.0
-2;43000;STARFRUIT;4991;2;4990;23;;;4996;23;;;;;4993.5;144.953125
-2;43000;AMETHYSTS;9995;23;;;;;10005;23;;;;;10000.0;580.0
-2;43100;AMETHYSTS;9995;21;;;;;10005;21;;;;;10000.0;580.0
-2;43100;STARFRUIT;4989;21;;;;;4996;21;;;;;4992.5;149.5
-2;43200;STARFRUIT;4990;1;4989;20;;;4996;21;;;;;4993.0;148.5078125
-2;43200;AMETHYSTS;9996;1;9995;20;;;10004;1;10005;20;;;10000.0;580.0
-2;43300;AMETHYSTS;9996;1;9995;24;;;10004;1;10005;24;;;10000.0;580.0
-2;43300;STARFRUIT;4989;25;;;;;4994;2;4996;25;;;4991.5;150.359375
-2;43400;AMETHYSTS;9996;2;9995;22;;;10004;2;10005;22;;;10000.0;580.0
-2;43400;STARFRUIT;4994;4;4989;24;;;4996;24;;;;;4995.0;153.5546875
-2;43500;AMETHYSTS;9998;7;9995;23;;;10005;23;;;;;10001.5;580.0
-2;43500;STARFRUIT;4990;22;;;;;4995;7;4997;23;;;4992.5;143.21875
-2;43600;STARFRUIT;4990;5;4989;21;;;4996;23;;;;;4993.0;147.0390625
-2;43600;AMETHYSTS;9996;2;9995;21;;;10002;9;10004;2;10005;21;9999.0;580.0
-2;43700;AMETHYSTS;9996;1;9995;23;;;10004;1;10005;23;;;10000.0;580.0
-2;43700;STARFRUIT;4990;24;;;;;4997;24;;;;;4993.5;136.4453125
-2;43800;AMETHYSTS;9996;2;9995;26;;;10004;2;10005;26;;;10000.0;580.0
-2;43800;STARFRUIT;4991;9;4990;26;;;4997;28;;;;;4994.0;127.375
-2;43900;AMETHYSTS;10002;4;9998;2;9996;1;10004;1;10005;29;;;10003.0;580.0
-2;43900;STARFRUIT;4991;6;4990;30;;;4997;30;;;;;4994.0;135.7109375
-2;44000;STARFRUIT;4991;2;4990;20;;;4995;3;4997;22;;;4993.0;127.484375
-2;44000;AMETHYSTS;9996;2;9995;20;;;10004;2;10005;20;;;10000.0;588.0
-2;44100;AMETHYSTS;9995;24;;;;;9998;1;10002;2;10005;24;9996.5;588.0
-2;44100;STARFRUIT;4990;24;;;;;4997;24;;;;;4993.5;132.671875
-2;44200;AMETHYSTS;9995;21;;;;;10005;21;;;;;10000.0;590.0
-2;44200;STARFRUIT;4991;21;;;;;4998;21;;;;;4994.5;110.921875
-2;44300;AMETHYSTS;9995;27;;;;;10005;27;;;;;10000.0;590.0
-2;44300;STARFRUIT;4991;27;;;;;4998;27;;;;;4994.5;114.0
-2;44400;STARFRUIT;4991;28;;;;;4998;28;;;;;4994.5;121.5
-2;44400;AMETHYSTS;9998;7;9995;28;;;10005;28;;;;;10001.5;590.0
-2;44500;AMETHYSTS;9995;21;;;;;10005;21;;;;;10000.0;590.0
-2;44500;STARFRUIT;4995;1;4991;2;4990;21;4997;21;;;;;4996.0;136.7265625
-2;44600;AMETHYSTS;9996;1;9995;23;;;10004;1;10005;23;;;10000.0;590.0
-2;44600;STARFRUIT;4990;1;4989;23;;;4996;24;;;;;4993.0;147.03125
-2;44700;AMETHYSTS;9995;29;;;;;10002;10;10005;29;;;9998.5;590.0
-2;44700;STARFRUIT;4989;29;;;;;4996;29;;;;;4992.5;151.671875
-2;44800;STARFRUIT;4989;29;;;;;4996;29;;;;;4992.5;159.625
-2;44800;AMETHYSTS;9995;29;;;;;9998;1;10002;10;10005;29;9996.5;590.0
-2;44900;AMETHYSTS;9996;1;9995;25;;;10004;1;10005;25;;;10000.0;592.0
-2;44900;STARFRUIT;4989;2;4988;25;;;4995;26;;;;;4992.0;169.4140625
-2;45000;AMETHYSTS;10002;1;9996;2;9995;24;10004;2;10005;24;;;10003.0;592.0
-2;45000;STARFRUIT;4988;26;;;;;4995;26;;;;;4991.5;174.96875
-2;45100;AMETHYSTS;9996;1;9995;26;;;10004;1;10005;26;;;10000.0;594.0
-2;45100;STARFRUIT;4988;27;;;;;4993;5;4995;27;;;4990.5;176.625
-2;45200;STARFRUIT;4989;1;4988;28;;;4993;6;4995;29;;;4991.0;165.109375
-2;45200;AMETHYSTS;9996;1;9995;28;;;10004;1;10005;28;;;10000.0;594.0
-2;45300;AMETHYSTS;9995;22;;;;;10005;22;;;;;10000.0;594.0
-2;45300;STARFRUIT;4989;4;4988;22;;;4995;22;;;;;4992.0;178.6796875
-2;45400;AMETHYSTS;9996;2;9995;21;;;9998;1;10004;2;10005;21;9997.0;594.0
-2;45400;STARFRUIT;4988;22;;;;;4993;2;4994;2;4995;21;4990.5;183.078125
-2;45500;STARFRUIT;4987;25;;;;;4990;3;4994;25;;;4988.5;190.6875
-2;45500;AMETHYSTS;9996;1;9995;24;;;10000;3;10004;1;10005;24;9998.0;596.0
-2;45600;STARFRUIT;4988;7;4987;26;;;4994;26;;;;;4991.0;202.75
-2;45600;AMETHYSTS;9995;26;;;;;10002;5;10005;26;;;9998.5;596.0
-2;45700;STARFRUIT;4986;24;;;;;4993;24;;;;;4989.5;212.828125
-2;45700;AMETHYSTS;9995;24;;;;;10005;24;;;;;10000.0;596.0
-2;45800;AMETHYSTS;9996;1;9995;27;;;10004;1;10005;27;;;10000.0;596.0
-2;45800;STARFRUIT;4986;27;;;;;4992;1;4993;27;;;4989.0;220.046875
-2;45900;STARFRUIT;4987;4;4986;31;;;4993;31;;;;;4990.0;214.3671875
-2;45900;AMETHYSTS;9996;1;9995;30;;;10004;1;10005;30;;;10000.0;596.0
-2;46000;STARFRUIT;4986;26;;;;;4993;26;;;;;4989.5;215.9296875
-2;46000;AMETHYSTS;9996;2;9995;24;;;10004;2;10005;24;;;10000.0;600.0
-2;46100;STARFRUIT;4986;25;;;;;4992;2;4993;23;;;4989.0;220.21875
-2;46100;AMETHYSTS;9998;6;9996;2;9995;23;10004;2;10005;23;;;10001.0;600.0
-2;46200;AMETHYSTS;9998;2;9996;1;9995;27;10004;1;10005;27;;;10001.0;600.0
-2;46200;STARFRUIT;4986;28;;;;;4993;28;;;;;4989.5;215.375
-2;46300;STARFRUIT;4986;29;;;;;4993;29;;;;;4989.5;213.15625
-2;46300;AMETHYSTS;9996;2;9995;27;;;10004;2;10005;27;;;10000.0;600.0
-2;46400;STARFRUIT;4986;22;;;;;4993;22;;;;;4989.5;214.953125
-2;46400;AMETHYSTS;9995;22;;;;;10005;22;;;;;10000.0;600.0
-2;46500;STARFRUIT;4989;6;4986;31;;;4993;31;;;;;4991.0;211.90625
-2;46500;AMETHYSTS;10000;6;9996;1;9995;30;10004;1;10005;30;;;10002.0;600.0
-2;46600;AMETHYSTS;9998;10;9996;1;9995;27;10004;1;10005;27;;;10001.0;600.0
-2;46600;STARFRUIT;4987;3;4986;28;;;4993;28;;;;;4990.0;218.515625
-2;46700;STARFRUIT;4986;26;;;;;4993;26;;;;;4989.5;213.53125
-2;46700;AMETHYSTS;9995;26;;;;;10005;26;;;;;10000.0;600.0
-2;46800;STARFRUIT;4987;1;4986;21;;;4993;22;;;;;4990.0;209.84375
-2;46800;AMETHYSTS;9996;1;9995;21;;;10004;1;10005;21;;;10000.0;600.0
-2;46900;STARFRUIT;4992;1;4986;32;;;4993;32;;;;;4992.5;213.1328125
-2;46900;AMETHYSTS;9996;2;9995;30;;;10004;2;10005;30;;;10000.0;600.0
-2;47000;AMETHYSTS;9996;1;9995;20;;;10004;1;10005;20;;;10000.0;600.0
-2;47000;STARFRUIT;4986;21;;;;;4992;1;4993;20;;;4989.0;222.8515625
-2;47100;STARFRUIT;4986;26;;;;;4988;4;4993;26;;;4987.0;210.78125
-2;47100;AMETHYSTS;9996;2;9995;24;;;9998;1;10004;2;10005;24;9997.0;600.0
-2;47200;STARFRUIT;4987;2;4986;28;;;4993;30;;;;;4990.0;210.046875
-2;47200;AMETHYSTS;10002;1;9996;2;9995;28;10004;2;10005;28;;;10003.0;602.0
-2;47300;STARFRUIT;4987;25;;;;;4992;1;4994;25;;;4989.5;185.7890625
-2;47300;AMETHYSTS;10002;1;9998;3;9995;25;10005;25;;;;;10003.5;604.0
-2;47400;AMETHYSTS;9995;24;;;;;10002;9;10005;24;;;9998.5;606.0
-2;47400;STARFRUIT;4988;1;4987;24;;;4994;24;;;;;4991.0;191.0078125
-2;47500;STARFRUIT;4988;30;;;;;4993;6;4995;30;;;4990.5;184.234375
-2;47500;AMETHYSTS;9995;30;;;;;10002;1;10005;30;;;9998.5;606.0
-2;47600;STARFRUIT;4988;1;4987;27;;;4994;28;;;;;4991.0;187.703125
-2;47600;AMETHYSTS;9996;1;9995;27;;;10004;1;10005;27;;;10000.0;606.0
-2;47700;STARFRUIT;4988;1;4987;22;;;4994;23;;;;;4991.0;185.7109375
-2;47700;AMETHYSTS;9996;1;9995;22;;;10002;8;10004;1;10005;22;9999.0;606.0
-2;47800;AMETHYSTS;9996;1;9995;22;;;10002;8;10004;1;10005;22;9999.0;606.0
-2;47800;STARFRUIT;4988;23;;;;;4995;23;;;;;4991.5;179.09375
-2;47900;STARFRUIT;4987;27;;;;;4994;27;;;;;4990.5;185.46875
-2;47900;AMETHYSTS;10002;1;9995;27;;;10005;27;;;;;10003.5;606.0
-2;48000;STARFRUIT;4987;27;;;;;4994;27;;;;;4990.5;186.28125
-2;48000;AMETHYSTS;9995;27;;;;;10005;27;;;;;10000.0;608.0
-2;48100;STARFRUIT;4989;1;4988;21;;;4994;21;;;;;4991.5;185.015625
-2;48100;AMETHYSTS;9995;21;;;;;10002;9;10005;21;;;9998.5;608.0
-2;48200;AMETHYSTS;9998;5;9995;25;;;10005;25;;;;;10001.5;612.0
-2;48200;STARFRUIT;4988;25;;;;;4995;25;;;;;4991.5;184.1328125
-2;48300;STARFRUIT;4988;29;;;;;4991;5;4995;29;;;4989.5;179.40625
-2;48300;AMETHYSTS;9996;1;9995;28;;;9998;1;10000;5;10004;1;9997.0;612.0
-2;48400;STARFRUIT;4989;1;4988;27;;;4995;27;;;;;4992.0;171.2578125
-2;48400;AMETHYSTS;9995;27;;;;;10002;7;10005;27;;;9998.5;614.0
-2;48500;STARFRUIT;4990;1;4989;29;;;4996;29;;;;;4993.0;164.6484375
-2;48500;AMETHYSTS;9995;29;;;;;9998;1;10005;29;;;9996.5;614.0
-2;48600;AMETHYSTS;9996;1;9995;28;;;10004;1;10005;28;;;10000.0;616.0
-2;48600;STARFRUIT;4990;1;4989;29;;;4995;1;4996;28;;;4992.5;162.5703125
-2;48700;STARFRUIT;4989;1;4988;22;;;4995;23;;;;;4992.0;165.3515625
-2;48700;AMETHYSTS;9996;1;9995;22;;;10004;1;10005;22;;;10000.0;618.0
-2;48800;STARFRUIT;4989;5;4988;24;;;4995;24;;;;;4992.0;174.34375
-2;48800;AMETHYSTS;9996;1;9995;23;;;10004;1;10005;23;;;10000.0;618.0
-2;48900;STARFRUIT;4989;7;4988;27;;;4995;27;;;;;4992.0;180.21875
-2;48900;AMETHYSTS;9995;27;;;;;10005;27;;;;;10000.0;618.0
-2;49000;AMETHYSTS;9996;2;9995;30;;;10004;2;10005;30;;;10000.0;618.0
-2;49000;STARFRUIT;4989;7;4988;32;;;4994;2;4995;30;;;4991.5;184.4375
-2;49100;STARFRUIT;4989;8;4988;32;;;4995;32;;;;;4992.0;179.0234375
-2;49100;AMETHYSTS;9996;2;9995;30;;;10004;2;10005;30;;;10000.0;618.0
-2;49200;STARFRUIT;4988;21;;;;;4994;1;4995;20;;;4991.0;181.9375
-2;49200;AMETHYSTS;9996;1;9995;20;;;10004;1;10005;20;;;10000.0;618.0
-2;49300;STARFRUIT;4987;22;;;;;4988;1;4994;22;;;4987.5;191.828125
-2;49300;AMETHYSTS;9998;9;9996;1;9995;21;10004;1;10005;21;;;10001.0;618.0
-2;49400;AMETHYSTS;9995;20;;;;;10005;20;;;;;10000.0;618.0
-2;49400;STARFRUIT;4992;14;4987;20;;;4994;20;;;;;4993.0;186.8671875
-2;49500;STARFRUIT;4988;8;4987;32;;;4994;32;;;;;4991.0;193.265625
-2;49500;AMETHYSTS;9996;2;9995;30;;;10004;2;10005;30;;;10000.0;618.0
-2;49600;STARFRUIT;4992;1;4987;24;;;4994;24;;;;;4993.0;199.375
-2;49600;AMETHYSTS;9995;24;;;;;10005;24;;;;;10000.0;618.0
-2;49700;STARFRUIT;4987;28;;;;;4993;2;4994;26;;;4990.0;201.1875
-2;49700;AMETHYSTS;9998;7;9996;2;9995;26;10004;2;10005;26;;;10001.0;618.0
-2;49800;AMETHYSTS;9996;2;9995;23;;;10004;2;10005;23;;;10000.0;618.0
-2;49800;STARFRUIT;4987;25;;;;;4988;5;4994;25;;;4987.5;197.4375
-2;49900;STARFRUIT;4986;23;;;;;4993;23;;;;;4989.5;216.6484375
-2;49900;AMETHYSTS;9998;3;9995;23;;;10005;23;;;;;10001.5;618.0
-2;50000;STARFRUIT;4986;1;4985;20;;;4992;21;;;;;4989.0;225.578125
-2;50000;AMETHYSTS;9996;1;9995;20;;;10004;1;10005;20;;;10000.0;622.0
-2;50100;AMETHYSTS;9995;24;;;;;10005;24;;;;;10000.0;622.0
-2;50100;STARFRUIT;4986;24;;;;;4991;2;4993;24;;;4988.5;224.203125
-2;50200;STARFRUIT;4985;24;;;;;4992;24;;;;;4988.5;227.109375
-2;50200;AMETHYSTS;9995;24;;;;;10005;24;;;;;10000.0;622.0
-2;50300;STARFRUIT;4985;30;;;;;4992;30;;;;;4988.5;234.0
-2;50300;AMETHYSTS;9995;30;;;;;10002;10;10005;30;;;9998.5;622.0
-2;50400;STARFRUIT;4985;23;;;;;4988;2;4990;1;4992;23;4986.5;238.3203125
-2;50400;AMETHYSTS;9998;4;9996;1;9995;22;10000;2;10004;1;10005;22;9999.0;622.0
-2;50500;AMETHYSTS;9996;2;9995;23;;;10004;2;10005;23;;;10000.0;622.0
-2;50500;STARFRUIT;4986;2;4985;23;;;4992;25;;;;;4989.0;227.328125
-2;50600;STARFRUIT;4985;23;;;;;4986;8;4992;23;;;4985.5;230.96875
-2;50600;AMETHYSTS;10002;1;9996;2;9995;21;10004;2;10005;21;;;10003.0;622.0
-2;50700;STARFRUIT;4986;2;4985;22;;;4992;24;;;;;4989.0;225.3125
-2;50700;AMETHYSTS;9996;2;9995;22;;;10004;2;10005;22;;;10000.0;626.0
-2;50800;STARFRUIT;4991;1;4986;24;;;4993;24;;;;;4992.0;219.03125
-2;50800;AMETHYSTS;10002;5;9996;2;9995;22;10004;2;10005;22;;;10003.0;626.0
-2;50900;AMETHYSTS;9996;1;9995;27;;;10004;1;10005;27;;;10000.0;636.0
-2;50900;STARFRUIT;4986;28;;;;;4991;4;4992;1;4993;27;4988.5;222.625
-2;51000;STARFRUIT;4986;28;;;;;4993;28;;;;;4989.5;219.125
-2;51000;AMETHYSTS;9996;2;9995;26;;;10004;2;10005;26;;;10000.0;636.0
-2;51100;STARFRUIT;4986;26;;;;;4992;1;4993;25;;;4989.0;222.71875
-2;51100;AMETHYSTS;9998;6;9996;1;9995;25;10004;1;10005;25;;;10001.0;636.0
-2;51200;STARFRUIT;4986;2;4985;28;;;4992;30;;;;;4989.0;227.5859375
-2;51200;AMETHYSTS;9996;2;9995;28;;;10004;2;10005;28;;;10000.0;636.0
-2;51300;AMETHYSTS;9996;1;9995;24;;;10004;1;10005;24;;;10000.0;636.0
-2;51300;STARFRUIT;4985;25;;;;;4992;25;;;;;4988.5;236.5546875
-2;51400;STARFRUIT;4985;30;;;;;4992;30;;;;;4988.5;229.609375
-2;51400;AMETHYSTS;9995;30;;;;;10002;3;10005;30;;;9998.5;636.0
-2;51500;STARFRUIT;4991;1;4985;30;;;4992;30;;;;;4991.5;232.796875
-2;51500;AMETHYSTS;9995;30;;;;;10005;30;;;;;10000.0;636.0
-2;51600;STARFRUIT;4988;5;4985;24;;;4992;24;;;;;4990.0;237.1953125
-2;51600;AMETHYSTS;10000;5;9996;2;9995;22;10002;1;10004;2;10005;22;10001.0;636.0
-2;51700;AMETHYSTS;9995;20;;;;;10005;20;;;;;10000.0;638.0
-2;51700;STARFRUIT;4984;20;;;;;4986;4;4991;20;;;4985.0;246.171875
-2;51800;STARFRUIT;4985;25;;;;;4992;25;;;;;4988.5;231.8125
-2;51800;AMETHYSTS;9996;1;9995;24;;;10004;1;10005;24;;;10000.0;638.0
-2;51900;STARFRUIT;4990;4;4986;1;4985;23;4992;24;;;;;4991.0;225.9296875
-2;51900;AMETHYSTS;9996;1;9995;23;;;10004;1;10005;23;;;10000.0;638.0
-2;52000;STARFRUIT;4985;29;;;;;4990;6;4992;29;;;4987.5;227.0
-2;52000;AMETHYSTS;9998;3;9995;29;;;10005;29;;;;;10001.5;648.0
-2;52100;AMETHYSTS;9995;21;;;;;10005;21;;;;;10000.0;648.0
-2;52100;STARFRUIT;4985;21;;;;;4992;21;;;;;4988.5;232.5390625
-2;52200;STARFRUIT;4985;31;;;;;4991;2;4992;29;;;4988.0;244.71875
-2;52200;AMETHYSTS;9996;2;9995;29;;;10004;2;10005;29;;;10000.0;664.0
-2;52300;AMETHYSTS;10002;1;9996;1;9995;27;10004;1;10005;27;;;10003.0;664.0
-2;52300;STARFRUIT;4990;1;4985;28;;;4991;1;4992;27;;;4990.5;242.4140625
-2;52400;AMETHYSTS;9998;3;9996;1;9995;29;10004;1;10005;29;;;10001.0;666.0
-2;52400;STARFRUIT;4985;30;;;;;4991;1;4992;29;;;4988.0;240.140625
-2;52500;AMETHYSTS;9996;1;9995;27;;;9998;1;10004;1;10005;27;9997.0;666.0
-2;52500;STARFRUIT;4990;1;4984;28;;;4991;28;;;;;4990.5;251.34375
-2;52600;STARFRUIT;4985;23;;;;;4988;4;4991;1;4992;22;4986.5;242.125
-2;52600;AMETHYSTS;9998;1;9996;1;9995;22;10000;4;10004;1;10005;22;9999.0;668.0
-2;52700;AMETHYSTS;9996;2;9995;25;;;10004;2;10005;25;;;10000.0;668.0
-2;52700;STARFRUIT;4985;26;;;;;4992;27;;;;;4988.5;235.9765625
-2;52800;AMETHYSTS;9995;26;;;;;10005;26;;;;;10000.0;668.0
-2;52800;STARFRUIT;4985;26;;;;;4992;26;;;;;4988.5;243.640625
-2;52900;AMETHYSTS;9995;30;;;;;10005;30;;;;;10000.0;668.0
-2;52900;STARFRUIT;4984;30;;;;;4991;30;;;;;4987.5;248.078125
-2;53000;STARFRUIT;4984;21;;;;;4991;21;;;;;4987.5;251.4921875
-2;53000;AMETHYSTS;10002;1;9996;1;9995;20;10004;1;10005;20;;;10003.0;680.0
-2;53100;AMETHYSTS;9995;24;;;;;10005;24;;;;;10000.0;682.0
-2;53100;STARFRUIT;4984;24;;;;;4991;24;;;;;4987.5;250.234375
-2;53200;AMETHYSTS;9996;1;9995;30;;;10004;1;10005;30;;;10000.0;682.0
-2;53200;STARFRUIT;4990;1;4984;31;;;4991;31;;;;;4990.5;251.40625
-2;53300;AMETHYSTS;9995;29;;;;;10005;29;;;;;10000.0;682.0
-2;53300;STARFRUIT;4984;29;;;;;4991;29;;;;;4987.5;264.4453125
-2;53400;STARFRUIT;4984;25;;;;;4991;25;;;;;4987.5;252.7421875
-2;53400;AMETHYSTS;9998;6;9996;2;9995;23;10004;2;10005;23;;;10001.0;682.0
-2;53500;AMETHYSTS;9996;2;9995;21;;;10002;1;10004;2;10005;21;9999.0;682.0
-2;53500;STARFRUIT;4984;23;;;;;4991;23;;;;;4987.5;250.2421875
-2;53600;AMETHYSTS;9995;24;;;;;9998;9;10005;24;;;9996.5;682.0
-2;53600;STARFRUIT;4985;24;;;;;4992;24;;;;;4988.5;240.2421875
-2;53700;AMETHYSTS;9998;1;9995;30;;;10005;30;;;;;10001.5;700.0
-2;53700;STARFRUIT;4985;30;;;;;4992;30;;;;;4988.5;230.28125
-2;53800;STARFRUIT;4985;30;;;;;4992;30;;;;;4988.5;231.953125
-2;53800;AMETHYSTS;10002;3;9995;30;;;10005;30;;;;;10003.5;700.0
-2;53900;AMETHYSTS;9996;2;9995;25;;;10004;2;10005;25;;;10000.0;706.0
-2;53900;STARFRUIT;4986;2;4985;25;;;4992;27;;;;;4989.0;229.25
-2;54000;AMETHYSTS;9998;6;9996;1;9995;30;10004;1;10005;30;;;10001.0;710.0
-2;54000;STARFRUIT;4986;31;;;;;4991;1;4992;1;4993;30;4988.5;223.40625
-2;54100;AMETHYSTS;9998;2;9996;2;9995;22;10004;2;10005;22;;;10001.0;710.0
-2;54100;STARFRUIT;4986;24;;;;;4991;2;4993;24;;;4988.5;217.3046875
-2;54200;STARFRUIT;4986;28;;;;;4993;28;;;;;4989.5;218.625
-2;54200;AMETHYSTS;9995;28;;;;;10005;28;;;;;10000.0;710.0
-2;54300;AMETHYSTS;9996;2;9995;23;;;10004;2;10005;23;;;10000.0;710.0
-2;54300;STARFRUIT;4991;1;4986;25;;;4992;2;4993;23;;;4991.5;223.5546875
-2;54400;AMETHYSTS;9995;29;;;;;10005;29;;;;;10000.0;718.0
-2;54400;STARFRUIT;4986;29;;;;;4993;29;;;;;4989.5;223.2890625
-2;54500;STARFRUIT;4986;1;4985;20;;;4992;21;;;;;4989.0;229.6796875
-2;54500;AMETHYSTS;9996;1;9995;20;;;10004;1;10005;20;;;10000.0;718.0
-2;54600;STARFRUIT;4985;27;;;;;4992;27;;;;;4988.5;234.109375
-2;54600;AMETHYSTS;10002;3;9995;27;;;10005;27;;;;;10003.5;718.0
-2;54700;STARFRUIT;4984;29;;;;;4986;4;4991;29;;;4985.0;250.265625
-2;54700;AMETHYSTS;9996;2;9995;27;;;10004;2;10005;27;;;10000.0;724.0
-2;54800;AMETHYSTS;9998;8;9995;27;;;10005;27;;;;;10001.5;724.0
-2;54800;STARFRUIT;4984;27;;;;;4989;1;4991;27;;;4986.5;249.6171875
-2;54900;STARFRUIT;4984;29;;;;;4991;29;;;;;4987.5;257.796875
-2;54900;AMETHYSTS;9996;1;9995;28;;;10002;3;10004;1;10005;28;9999.0;724.0
-2;55000;STARFRUIT;4985;6;4984;30;;;4990;2;4991;28;;;4987.5;262.2265625
-2;55000;AMETHYSTS;9996;2;9995;28;;;10002;8;10004;2;10005;28;9999.0;724.0
-2;55100;STARFRUIT;4985;8;4984;29;;;4991;29;;;;;4988.0;262.6640625
-2;55100;AMETHYSTS;9995;29;;;;;10005;29;;;;;10000.0;724.0
-2;55200;AMETHYSTS;9996;2;9995;21;;;10004;2;10005;21;;;10000.0;728.0
-2;55200;STARFRUIT;4984;23;;;;;4985;5;4989;8;4990;2;4984.5;260.1875
-2;55300;STARFRUIT;4985;2;4984;27;;;4991;29;;;;;4988.0;245.1875
-2;55300;AMETHYSTS;9996;2;9995;27;;;9998;1;10002;2;10004;2;9997.0;728.0
-2;55400;STARFRUIT;4986;2;4985;22;;;4991;1;4992;21;;;4988.5;243.578125
-2;55400;AMETHYSTS;9998;3;9996;1;9995;21;10004;1;10005;21;;;10001.0;730.0
-2;55500;STARFRUIT;4990;1;4985;4;4984;25;4991;25;;;;;4990.5;254.828125
-2;55500;AMETHYSTS;9995;25;;;;;10002;9;10005;25;;;9998.5;730.0
-2;55600;AMETHYSTS;9995;26;;;;;10005;26;;;;;10000.0;730.0
-2;55600;STARFRUIT;4985;3;4984;26;;;4991;26;;;;;4988.0;253.8125
-2;55700;STARFRUIT;4985;2;4984;23;;;4991;23;;;;;4988.0;258.5546875
-2;55700;AMETHYSTS;9996;2;9995;21;;;10004;2;10005;21;;;10000.0;730.0
-2;55800;STARFRUIT;4984;27;;;;;4991;27;;;;;4987.5;255.3984375
-2;55800;AMETHYSTS;9998;6;9996;1;9995;26;10004;1;10005;26;;;10001.0;732.0
-2;55900;STARFRUIT;4984;22;;;;;4991;22;;;;;4987.5;260.859375
-2;55900;AMETHYSTS;9995;22;;;;;10005;22;;;;;10000.0;732.0
-2;56000;AMETHYSTS;9996;2;9995;22;;;10002;10;10004;2;10005;22;9999.0;732.0
-2;56000;STARFRUIT;4984;2;4983;22;;;4985;3;4990;24;;;4984.5;266.5
-2;56100;STARFRUIT;4983;22;;;;;4990;22;;;;;4986.5;270.5859375
-2;56100;AMETHYSTS;9996;2;9995;20;;;10004;2;10005;20;;;10000.0;732.0
-2;56200;STARFRUIT;4987;2;4983;30;;;4990;30;;;;;4988.5;275.5859375
-2;56200;AMETHYSTS;9996;1;9995;29;;;10004;1;10005;29;;;10000.0;732.0
-2;56300;STARFRUIT;4983;8;4982;25;;;4989;27;;;;;4986.0;290.109375
-2;56300;AMETHYSTS;10002;1;9996;2;9995;25;10004;2;10005;25;;;10003.0;732.0
-2;56400;AMETHYSTS;9996;1;9995;30;;;10004;1;10005;30;;;10000.0;734.0
-2;56400;STARFRUIT;4982;31;;;;;4989;31;;;;;4985.5;295.4296875
-2;56500;STARFRUIT;4982;29;;;;;4989;29;;;;;4985.5;295.5546875
-2;56500;AMETHYSTS;9996;2;9995;27;;;10004;2;10005;27;;;10000.0;734.0
-2;56600;STARFRUIT;4983;2;4982;29;;;4989;31;;;;;4986.0;286.03125
-2;56600;AMETHYSTS;9996;2;9995;29;;;10002;4;10004;2;10005;29;9999.0;734.0
-2;56700;STARFRUIT;4987;6;4983;2;4982;24;4989;26;;;;;4988.0;288.375
-2;56700;AMETHYSTS;9998;3;9996;2;9995;24;10000;2;10004;2;10005;24;9999.0;734.0
-2;56800;AMETHYSTS;10002;1;9998;10;9996;2;10004;2;10005;22;;;10003.0;734.0
-2;56800;STARFRUIT;4982;24;;;;;4989;24;;;;;4985.5;291.34375
-2;56900;STARFRUIT;4983;4;4982;20;;;4989;22;;;;;4986.0;286.7578125
-2;56900;AMETHYSTS;9996;2;9995;20;;;10004;2;10005;20;;;10000.0;736.0
-2;57000;STARFRUIT;4983;28;;;;;4988;8;4989;1;4990;27;4985.5;282.4921875
-2;57000;AMETHYSTS;9996;1;9995;27;;;10004;1;10005;27;;;10000.0;736.0
-2;57100;STARFRUIT;4984;2;4983;25;;;4990;27;;;;;4987.0;269.796875
-2;57100;AMETHYSTS;9996;2;9995;25;;;10004;2;10005;25;;;10000.0;736.0
-2;57200;AMETHYSTS;10002;2;9996;1;9995;26;10004;1;10005;26;;;10003.0;736.0
-2;57200;STARFRUIT;4989;1;4984;27;;;4990;27;;;;;4989.5;265.15625
-2;57300;STARFRUIT;4984;1;4983;26;;;4990;27;;;;;4987.0;265.328125
-2;57300;AMETHYSTS;9996;1;9995;26;;;10002;9;10004;1;10005;26;9999.0;740.0
-2;57400;STARFRUIT;4984;24;;;;;4989;2;4991;24;;;4986.5;254.703125
-2;57400;AMETHYSTS;9995;24;;;;;10005;24;;;;;10000.0;740.0
-2;57500;STARFRUIT;4989;5;4986;5;4985;25;4991;2;4992;23;;;4990.0;242.5703125
-2;57500;AMETHYSTS;9998;5;9996;2;9995;23;10004;2;10005;23;;;10001.0;740.0
-2;57600;AMETHYSTS;9995;24;;;;;10005;24;;;;;10000.0;740.0
-2;57600;STARFRUIT;4984;24;;;;;4991;24;;;;;4987.5;246.3671875
-2;57700;STARFRUIT;4985;29;;;;;4991;29;;;;;4988.0;245.125
-2;57700;AMETHYSTS;9995;29;;;;;10005;29;;;;;10000.0;740.0
-2;57800;STARFRUIT;4984;31;;;;;4991;31;;;;;4987.5;258.5
-2;57800;AMETHYSTS;9998;1;9996;2;9995;29;10004;2;10005;29;;;10001.0;740.0
-2;57900;STARFRUIT;4984;27;;;;;4987;6;4989;5;4990;2;4985.5;261.40625
-2;57900;AMETHYSTS;9996;2;9995;25;;;9998;1;10000;6;10004;2;9997.0;740.0
-2;58000;AMETHYSTS;9996;1;9995;24;;;9998;4;10004;1;10005;24;9997.0;742.0
-2;58000;STARFRUIT;4984;5;4983;24;;;4990;25;;;;;4987.0;268.4453125
-2;58100;STARFRUIT;4983;23;;;;;4990;23;;;;;4986.5;270.1640625
-2;58100;AMETHYSTS;9995;23;;;;;10005;23;;;;;10000.0;750.0
-2;58200;STARFRUIT;4983;31;;;;;4990;31;;;;;4986.5;274.0
-2;58200;AMETHYSTS;9996;1;9995;30;;;10004;1;10005;30;;;10000.0;756.0
-2;58300;STARFRUIT;4983;29;;;;;4990;29;;;;;4986.5;275.34375
-2;58300;AMETHYSTS;9995;29;;;;;10005;29;;;;;10000.0;756.0
-2;58400;AMETHYSTS;9996;2;9995;21;;;10004;2;10005;21;;;10000.0;756.0
-2;58400;STARFRUIT;4983;23;;;;;4988;1;4990;23;;;4985.5;276.1796875
-2;58500;STARFRUIT;4983;21;;;;;4990;21;;;;;4986.5;272.2734375
-2;58500;AMETHYSTS;9995;21;;;;;10002;1;10005;21;;;9998.5;756.0
-2;58600;STARFRUIT;4983;25;;;;;4988;7;4990;25;;;4985.5;270.453125
-2;58600;AMETHYSTS;10002;1;9995;25;;;10005;25;;;;;10003.5;756.0
-2;58700;STARFRUIT;4984;2;4983;32;;;4990;32;;;;;4987.0;274.9296875
-2;58700;AMETHYSTS;9996;2;9995;30;;;10004;2;10005;30;;;10000.0;758.0
-2;58800;STARFRUIT;4982;29;;;;;4989;29;;;;;4985.5;285.1953125
-2;58800;AMETHYSTS;9995;29;;;;;10002;1;10005;29;;;9998.5;758.0
-2;58900;STARFRUIT;4983;25;;;;;4990;25;;;;;4986.5;275.3984375
-2;58900;AMETHYSTS;9996;1;9995;24;;;10004;1;10005;24;;;10000.0;782.0
-2;59000;STARFRUIT;4984;22;;;;;4990;2;4991;20;;;4987.0;264.1484375
-2;59000;AMETHYSTS;9996;2;9995;20;;;10004;2;10005;20;;;10000.0;782.0
-2;59100;AMETHYSTS;9995;27;;;;;10005;27;;;;;10000.0;782.0
-2;59100;STARFRUIT;4984;7;4983;27;;;4990;27;;;;;4987.0;267.7734375
-2;59200;STARFRUIT;4984;31;;;;;4990;2;4991;29;;;4987.0;263.328125
-2;59200;AMETHYSTS;9998;4;9996;2;9995;29;10004;2;10005;29;;;10001.0;784.0
-2;59300;STARFRUIT;4983;26;;;;;4988;2;4990;27;;;4985.5;275.4765625
-2;59300;AMETHYSTS;9996;1;9995;26;;;10004;1;10005;26;;;10000.0;784.0
-2;59400;STARFRUIT;4983;1;4982;21;;;4989;22;;;;;4986.0;287.8984375
-2;59400;AMETHYSTS;9996;1;9995;21;;;10004;1;10005;21;;;10000.0;784.0
-2;59500;AMETHYSTS;10002;5;9995;23;;;10005;23;;;;;10003.5;784.0
-2;59500;STARFRUIT;4982;23;;;;;4989;23;;;;;4985.5;290.0703125
-2;59600;STARFRUIT;4983;29;;;;;4990;29;;;;;4986.5;278.390625
-2;59600;AMETHYSTS;9996;2;9995;27;;;10004;2;10005;27;;;10000.0;794.0
-2;59700;STARFRUIT;4982;21;;;;;4989;21;;;;;4985.5;286.71875
-2;59700;AMETHYSTS;9995;21;;;;;10005;21;;;;;10000.0;794.0
-2;59800;STARFRUIT;4982;25;;;;;4989;25;;;;;4985.5;293.359375
-2;59800;AMETHYSTS;9996;1;9995;24;;;10004;1;10005;24;;;10000.0;794.0
-2;59900;AMETHYSTS;9996;1;9995;23;;;10002;6;10004;1;10005;23;9999.0;794.0
-2;59900;STARFRUIT;4983;24;;;;;4989;1;4990;23;;;4986.0;280.609375
-2;60000;STARFRUIT;4982;22;;;;;4989;22;;;;;4985.5;295.6640625
-2;60000;AMETHYSTS;9998;3;9995;22;;;10005;22;;;;;10001.5;794.0
-2;60100;STARFRUIT;4982;27;;;;;4989;27;;;;;4985.5;290.546875
-2;60100;AMETHYSTS;9996;2;9995;25;;;10004;2;10005;25;;;10000.0;796.0
-2;60200;STARFRUIT;4987;3;4982;25;;;4989;25;;;;;4988.0;286.6875
-2;60200;AMETHYSTS;9995;25;;;;;10005;25;;;;;10000.0;796.0
-2;60300;AMETHYSTS;9996;1;9995;27;;;10004;1;10005;27;;;10000.0;812.0
-2;60300;STARFRUIT;4983;1;4982;27;;;4989;28;;;;;4986.0;288.34375
-2;60400;STARFRUIT;4983;1;4982;20;;;4989;21;;;;;4986.0;286.859375
-2;60400;AMETHYSTS;9996;1;9995;20;;;9998;1;10004;1;10005;20;9997.0;812.0
-2;60500;STARFRUIT;4984;1;4983;23;;;4990;24;;;;;4987.0;266.046875
-2;60500;AMETHYSTS;9996;1;9995;23;;;10004;1;10005;23;;;10000.0;814.0
-2;60600;STARFRUIT;4984;2;4983;24;;;4990;24;;;;;4987.0;275.0078125
-2;60600;AMETHYSTS;9996;2;9995;22;;;10004;2;10005;22;;;10000.0;814.0
-2;60700;AMETHYSTS;9995;22;;;;;10005;22;;;;;10000.0;814.0
-2;60700;STARFRUIT;4983;22;;;;;4988;5;4990;22;;;4985.5;277.515625
-2;60800;STARFRUIT;4983;31;;;;;4990;32;;;;;4986.5;279.4375
-2;60800;AMETHYSTS;10002;10;9996;2;9995;30;10004;2;10005;30;;;10003.0;814.0
-2;60900;STARFRUIT;4983;31;;;;;4984;3;4987;4;4989;31;4983.5;284.9296875
-2;60900;AMETHYSTS;9996;2;9995;29;;;10004;2;10005;29;;;10000.0;834.0
-2;61000;AMETHYSTS;9995;28;;;;;10005;28;;;;;10000.0;834.0
-2;61000;STARFRUIT;4982;28;;;;;4989;28;;;;;4985.5;295.609375
-2;61100;AMETHYSTS;9995;29;;;;;10005;29;;;;;10000.0;834.0
-2;61100;STARFRUIT;4983;29;;;;;4988;3;4990;29;;;4985.5;282.9609375
-2;61200;STARFRUIT;4983;22;;;;;4986;2;4989;1;4990;21;4984.5;281.234375
-2;61200;AMETHYSTS;9998;9;9996;1;9995;21;10000;2;10004;1;10005;21;9999.0;834.0
-2;61300;AMETHYSTS;9996;1;9995;22;;;10004;1;10005;22;;;10000.0;834.0
-2;61300;STARFRUIT;4982;23;;;;;4989;23;;;;;4985.5;295.21875
-2;61400;AMETHYSTS;9996;1;9995;30;;;10004;1;10005;30;;;10000.0;834.0
-2;61400;STARFRUIT;4982;31;;;;;4988;1;4989;30;;;4985.0;300.8125
-2;61500;AMETHYSTS;9996;2;9995;27;;;10004;2;10005;27;;;10000.0;834.0
-2;61500;STARFRUIT;4982;29;;;;;4989;29;;;;;4985.5;297.609375
-2;61600;STARFRUIT;4982;30;;;;;4987;5;4989;30;;;4984.5;294.4140625
-2;61600;AMETHYSTS;9996;2;9995;28;;;10004;2;10005;28;;;10000.0;834.0
-2;61700;AMETHYSTS;9996;1;9995;26;;;10004;1;10005;26;;;10000.0;834.0
-2;61700;STARFRUIT;4981;26;;;;;4986;7;4988;27;;;4983.5;305.875
-2;61800;AMETHYSTS;9995;20;;;;;10005;20;;;;;10000.0;834.0
-2;61800;STARFRUIT;4981;20;;;;;4988;20;;;;;4984.5;306.625
-2;61900;AMETHYSTS;9995;26;;;;;9998;1;10005;26;;;9996.5;834.0
-2;61900;STARFRUIT;4982;26;;;;;4989;26;;;;;4985.5;304.5625
-2;62000;STARFRUIT;4987;1;4982;20;;;4989;20;;;;;4988.0;301.46875
-2;62000;AMETHYSTS;9995;20;;;;;10005;20;;;;;10000.0;840.0
-2;62100;AMETHYSTS;9996;2;9995;23;;;10004;2;10005;23;;;10000.0;840.0
-2;62100;STARFRUIT;4982;25;;;;;4989;25;;;;;4985.5;298.34375
-2;62200;AMETHYSTS;9995;25;;;;;10002;3;10005;25;;;9998.5;840.0
-2;62200;STARFRUIT;4981;25;;;;;4988;25;;;;;4984.5;312.84375
-2;62300;AMETHYSTS;9995;22;;;;;10005;22;;;;;10000.0;840.0
-2;62300;STARFRUIT;4982;22;;;;;4989;22;;;;;4985.5;298.1875
-2;62400;STARFRUIT;4982;25;;;;;4987;8;4989;25;;;4984.5;296.5234375
-2;62400;AMETHYSTS;9996;2;9995;23;;;10004;2;10005;23;;;10000.0;844.0
-2;62500;AMETHYSTS;9996;1;9995;23;;;10004;1;10005;23;;;10000.0;844.0
-2;62500;STARFRUIT;4984;2;4983;24;;;4989;1;4990;23;;;4986.5;282.1875
-2;62600;AMETHYSTS;9995;29;;;;;10005;29;;;;;10000.0;844.0
-2;62600;STARFRUIT;4984;29;;;;;4991;29;;;;;4987.5;259.453125
-2;62700;AMETHYSTS;9996;2;9995;24;;;10004;2;10005;24;;;10000.0;844.0
-2;62700;STARFRUIT;4984;26;;;;;4990;2;4991;24;;;4987.0;260.7421875
-2;62800;STARFRUIT;4983;26;;;;;4984;1;4988;1;4990;26;4983.5;270.5625
-2;62800;AMETHYSTS;9995;26;;;;;10005;26;;;;;10000.0;844.0
-2;62900;AMETHYSTS;9996;2;9995;27;;;9998;4;10004;2;10005;27;9997.0;844.0
-2;62900;STARFRUIT;4984;29;;;;;4989;1;4990;2;4991;27;4986.5;263.7109375
-2;63000;AMETHYSTS;9995;29;;;;;10005;29;;;;;10000.0;852.0
-2;63000;STARFRUIT;4983;29;;;;;4988;4;4990;29;;;4985.5;265.1640625
-2;63100;AMETHYSTS;9996;2;9995;24;;;10004;2;10005;24;;;10000.0;852.0
-2;63100;STARFRUIT;4984;1;4983;24;;;4990;26;;;;;4987.0;268.765625
-2;63200;STARFRUIT;4983;28;;;;;4990;28;;;;;4986.5;276.9921875
-2;63200;AMETHYSTS;9995;28;;;;;10005;28;;;;;10000.0;852.0
-2;63300;STARFRUIT;4984;32;;;;;4990;2;4991;30;;;4987.0;263.6015625
-2;63300;AMETHYSTS;9996;2;9995;30;;;10004;2;10005;30;;;10000.0;852.0
-2;63400;AMETHYSTS;9996;2;9995;24;;;10004;2;10005;24;;;10000.0;852.0
-2;63400;STARFRUIT;4988;3;4984;2;4983;24;4990;26;;;;;4989.0;267.125
-2;63500;STARFRUIT;4984;2;4983;20;;;4990;20;;;;;4987.0;278.2734375
-2;63500;AMETHYSTS;9998;8;9995;20;;;10005;20;;;;;10001.5;852.0
-2;63600;STARFRUIT;4988;1;4983;21;;;4990;21;;;;;4989.0;281.84375
-2;63600;AMETHYSTS;9995;21;;;;;10005;21;;;;;10000.0;852.0
-2;63700;STARFRUIT;4983;8;4982;30;;;4989;30;;;;;4986.0;291.0546875
-2;63700;AMETHYSTS;9996;2;9995;28;;;10002;6;10004;2;10005;28;9999.0;852.0
-2;63800;AMETHYSTS;9996;1;9995;21;;;10004;1;10005;21;;;10000.0;852.0
-2;63800;STARFRUIT;4982;21;;;;;4987;7;4989;22;;;4984.5;289.8125
-2;63900;STARFRUIT;4982;21;;;;;4987;6;4989;21;;;4984.5;293.1640625
-2;63900;AMETHYSTS;9995;21;;;;;10005;21;;;;;10000.0;852.0
-2;64000;STARFRUIT;4982;30;;;;;4989;30;;;;;4985.5;301.578125
-2;64000;AMETHYSTS;9998;6;9995;30;;;10005;30;;;;;10001.5;876.0
-2;64100;STARFRUIT;4982;27;;;;;4989;27;;;;;4985.5;296.8125
-2;64100;AMETHYSTS;9995;27;;;;;10002;6;10005;27;;;9998.5;876.0
-2;64200;AMETHYSTS;9996;1;9995;24;;;10004;1;10005;24;;;10000.0;876.0
-2;64200;STARFRUIT;4982;25;;;;;4988;1;4989;24;;;4985.0;301.9453125
-2;64300;STARFRUIT;4982;23;;;;;4989;23;;;;;4985.5;296.2109375
-2;64300;AMETHYSTS;9998;7;9996;1;9995;22;10004;1;10005;22;;;10001.0;882.0
-2;64400;STARFRUIT;4983;4;4982;27;;;4989;29;;;;;4986.0;286.2109375
-2;64400;AMETHYSTS;9998;8;9996;2;9995;27;10004;2;10005;27;;;10001.0;882.0
-2;64500;STARFRUIT;4983;2;4982;27;;;4987;6;4989;29;;;4985.0;289.1015625
-2;64500;AMETHYSTS;9998;5;9996;2;9995;27;10004;2;10005;27;;;10001.0;882.0
-2;64600;AMETHYSTS;9995;26;;;;;10005;26;;;;;10000.0;882.0
-2;64600;STARFRUIT;4982;26;;;;;4989;26;;;;;4985.5;294.25
-2;64700;STARFRUIT;4982;28;;;;;4989;28;;;;;4985.5;292.6875
-2;64700;AMETHYSTS;9995;28;;;;;10005;28;;;;;10000.0;882.0
-2;64800;STARFRUIT;4983;2;4982;30;;;4989;32;;;;;4986.0;285.6171875
-2;64800;AMETHYSTS;9996;2;9995;30;;;10004;2;10005;30;;;10000.0;882.0
-2;64900;STARFRUIT;4983;2;4982;29;;;4987;3;4989;31;;;4985.0;285.65625
-2;64900;AMETHYSTS;9996;2;9995;29;;;10004;2;10005;29;;;10000.0;882.0
-2;65000;AMETHYSTS;9995;25;;;;;9998;1;10005;25;;;9996.5;882.0
-2;65000;STARFRUIT;4983;25;;;;;4990;25;;;;;4986.5;284.5625
-2;65100;STARFRUIT;4983;25;;;;;4989;2;4990;23;;;4986.0;284.78125
-2;65100;AMETHYSTS;9996;2;9995;23;;;10004;2;10005;23;;;10000.0;884.0
-2;65200;STARFRUIT;4988;1;4983;29;;;4990;29;;;;;4989.0;282.3359375
-2;65200;AMETHYSTS;9998;8;9995;29;;;10005;29;;;;;10001.5;890.0
-2;65300;STARFRUIT;4983;21;;;;;4988;2;4990;21;;;4985.5;277.3515625
-2;65300;AMETHYSTS;9995;21;;;;;10002;3;10005;21;;;9998.5;890.0
-2;65400;AMETHYSTS;9996;2;9995;26;;;10000;3;10004;2;10005;26;9998.0;890.0
-2;65400;STARFRUIT;4983;28;;;;;4986;3;4989;2;4990;26;4984.5;282.9765625
-2;65500;STARFRUIT;4983;9;4982;27;;;4989;29;;;;;4986.0;286.828125
-2;65500;AMETHYSTS;9996;2;9995;27;;;10004;2;10005;27;;;10000.0;890.0
-2;65600;STARFRUIT;4982;20;;;;;4989;20;;;;;4985.5;286.4921875
-2;65600;AMETHYSTS;9998;5;9995;20;;;10005;20;;;;;10001.5;890.0
-2;65700;STARFRUIT;4982;29;;;;;4989;29;;;;;4985.5;291.8046875
-2;65700;AMETHYSTS;9995;29;;;;;10005;29;;;;;10000.0;890.0
-2;65800;AMETHYSTS;9998;9;9995;20;;;10005;20;;;;;10001.5;890.0
-2;65800;STARFRUIT;4982;20;;;;;4987;7;4989;20;;;4984.5;290.7421875
-2;65900;STARFRUIT;4983;6;4982;23;;;4989;24;;;;;4986.0;286.4921875
-2;65900;AMETHYSTS;9996;1;9995;23;;;10004;1;10005;23;;;10000.0;890.0
-2;66000;STARFRUIT;4983;2;4982;22;;;4989;24;;;;;4986.0;286.6796875
-2;66000;AMETHYSTS;9998;4;9996;2;9995;22;10004;2;10005;22;;;10001.0;890.0
-2;66100;STARFRUIT;4982;27;;;;;4989;27;;;;;4985.5;291.4921875
-2;66100;AMETHYSTS;9996;1;9995;26;;;9998;1;10004;1;10005;26;9997.0;890.0
-2;66200;AMETHYSTS;10002;1;10000;5;9995;20;10005;20;;;;;10003.5;892.0
-2;66200;STARFRUIT;4985;5;4982;20;;;4989;20;;;;;4987.0;297.6875
-2;66300;STARFRUIT;4988;1;4984;2;4983;25;4989;1;4990;24;;;4988.5;283.7890625
-2;66300;AMETHYSTS;9996;1;9995;24;;;10004;1;10005;24;;;10000.0;894.0
-2;66400;STARFRUIT;4983;21;;;;;4990;21;;;;;4986.5;276.828125
-2;66400;AMETHYSTS;9995;21;;;;;9998;3;10005;21;;;9996.5;894.0
-2;66500;STARFRUIT;4983;2;4982;20;;;4989;22;;;;;4986.0;285.734375
-2;66500;AMETHYSTS;9996;2;9995;20;;;10004;2;10005;20;;;10000.0;900.0
-2;66600;AMETHYSTS;9995;22;;;;;10005;22;;;;;10000.0;900.0
-2;66600;STARFRUIT;4982;22;;;;;4987;3;4989;22;;;4984.5;292.4296875
-2;66700;STARFRUIT;4983;27;;;;;4990;27;;;;;4986.5;277.5625
-2;66700;AMETHYSTS;9998;9;9995;27;;;10005;27;;;;;10001.5;900.0
-2;66800;STARFRUIT;4983;30;;;;;4990;30;;;;;4986.5;265.5625
-2;66800;AMETHYSTS;9995;30;;;;;10005;30;;;;;10000.0;900.0
-2;66900;STARFRUIT;4989;1;4985;4;4984;23;4991;23;;;;;4990.0;264.5625
-2;66900;AMETHYSTS;9998;4;9995;23;;;10005;23;;;;;10001.5;900.0
-2;67000;AMETHYSTS;9996;1;9995;24;;;10004;1;10005;24;;;10000.0;900.0
-2;67000;STARFRUIT;4984;25;;;;;4991;25;;;;;4987.5;255.3828125
-2;67100;STARFRUIT;4983;23;;;;;4990;23;;;;;4986.5;267.21875
-2;67100;AMETHYSTS;9995;23;;;;;10005;23;;;;;10000.0;900.0
-2;67200;STARFRUIT;4984;1;4983;20;;;4990;22;;;;;4987.0;267.21875
-2;67200;AMETHYSTS;9996;2;9995;20;;;10002;3;10004;2;10005;20;9999.0;900.0
-2;67300;STARFRUIT;4985;1;4984;30;;;4991;30;;;;;4988.0;261.34375
-2;67300;AMETHYSTS;9995;30;;;;;9998;3;10005;30;;;9996.5;900.0
-2;67400;AMETHYSTS;9998;4;9996;1;9995;25;10004;1;10005;25;;;10001.0;906.0
-2;67400;STARFRUIT;4983;26;;;;;4990;26;;;;;4986.5;276.140625
-2;67500;STARFRUIT;4983;20;;;;;4990;21;;;;;4986.5;282.3828125
-2;67500;AMETHYSTS;9995;21;;;;;10005;21;;;;;10000.0;906.0
-2;67600;STARFRUIT;4983;27;;;;;4990;27;;;;;4986.5;276.1796875
-2;67600;AMETHYSTS;9996;2;9995;25;;;10004;2;10005;25;;;10000.0;906.0
-2;67700;AMETHYSTS;9996;1;9995;29;;;10004;1;10005;29;;;10000.0;906.0
-2;67700;STARFRUIT;4984;4;4983;29;;;4990;30;;;;;4987.0;267.1953125
-2;67800;STARFRUIT;4984;8;4983;30;;;4990;30;;;;;4987.0;271.9375
-2;67800;AMETHYSTS;9998;3;9995;30;;;10005;30;;;;;10001.5;906.0
-2;67900;STARFRUIT;4983;25;;;;;4990;25;;;;;4986.5;269.6484375
-2;67900;AMETHYSTS;9995;25;;;;;10005;25;;;;;10000.0;906.0
-2;68000;STARFRUIT;4984;23;;;;;4991;23;;;;;4987.5;256.9375
-2;68000;AMETHYSTS;9996;2;9995;21;;;10004;2;10005;21;;;10000.0;906.0
-2;68100;AMETHYSTS;9996;2;9995;29;;;10004;2;10005;29;;;10000.0;906.0
-2;68100;STARFRUIT;4984;31;;;;;4989;4;4990;2;4991;29;4986.5;259.9921875
-2;68200;STARFRUIT;4989;1;4983;31;;;4990;31;;;;;4989.5;270.609375
-2;68200;AMETHYSTS;9996;2;9995;29;;;10004;2;10005;29;;;10000.0;906.0
-2;68300;STARFRUIT;4989;1;4983;29;;;4990;29;;;;;4989.5;271.1015625
-2;68300;AMETHYSTS;9996;1;9995;28;;;10004;1;10005;28;;;10000.0;906.0
-2;68400;STARFRUIT;4983;28;;;;;4990;28;;;;;4986.5;274.25
-2;68400;AMETHYSTS;9996;2;9995;26;;;10004;2;10005;26;;;10000.0;906.0
-2;68500;AMETHYSTS;9995;23;;;;;10002;5;10005;23;;;9998.5;906.0
-2;68500;STARFRUIT;4984;23;;;;;4991;23;;;;;4987.5;263.921875
-2;68600;STARFRUIT;4984;24;;;;;4990;1;4991;24;;;4987.0;262.6640625
-2;68600;AMETHYSTS;9996;1;9995;24;;;10004;1;10005;24;;;10000.0;906.0
-2;68700;STARFRUIT;4984;1;4983;27;;;4990;28;;;;;4987.0;269.0546875
-2;68700;AMETHYSTS;9996;1;9995;27;;;10004;1;10005;27;;;10000.0;906.0
-2;68800;STARFRUIT;4984;22;;;;;4991;22;;;;;4987.5;249.9921875
-2;68800;AMETHYSTS;9995;22;;;;;9998;1;10005;22;;;9996.5;906.0
-2;68900;AMETHYSTS;9996;1;9995;27;;;10004;1;10005;27;;;10000.0;908.0
-2;68900;STARFRUIT;4990;1;4984;28;;;4991;28;;;;;4990.5;253.984375
-2;69000;STARFRUIT;4984;30;;;;;4991;30;;;;;4987.5;250.2421875
-2;69000;AMETHYSTS;9996;2;9995;28;;;10004;2;10005;28;;;10000.0;908.0
-2;69100;STARFRUIT;4985;31;;;;;4986;1;4991;31;;;4985.5;244.8828125
-2;69100;AMETHYSTS;9998;9;9996;1;9995;30;10004;1;10005;30;;;10001.0;908.0
-2;69200;STARFRUIT;4990;1;4989;2;4985;30;4992;30;;;;;4991.0;238.671875
-2;69200;AMETHYSTS;9996;2;9995;28;;;10004;2;10005;28;;;10000.0;908.0
-2;69300;AMETHYSTS;9995;21;;;;;9998;1;10005;21;;;9996.5;908.0
-2;69300;STARFRUIT;4990;1;4985;21;;;4992;21;;;;;4991.0;237.3046875
-2;69400;STARFRUIT;4985;26;;;;;4992;26;;;;;4988.5;232.65625
-2;69400;AMETHYSTS;10002;1;9998;2;9996;1;10004;1;10005;25;;;10003.0;910.0
-2;69500;STARFRUIT;4986;6;4985;26;;;4992;26;;;;;4989.0;233.2109375
-2;69500;AMETHYSTS;9998;1;9996;2;9995;24;10004;2;10005;24;;;10001.0;912.0
-2;69600;STARFRUIT;4985;22;;;;;4992;23;;;;;4988.5;244.515625
-2;69600;AMETHYSTS;9995;23;;;;;10005;23;;;;;10000.0;912.0
-2;69700;AMETHYSTS;10002;1;9996;1;9995;20;10004;1;10005;20;;;10003.0;912.0
-2;69700;STARFRUIT;4985;1;4984;20;;;4991;21;;;;;4988.0;246.28125
-2;69800;STARFRUIT;4985;1;4984;23;;;4991;24;;;;;4988.0;247.875
-2;69800;AMETHYSTS;9996;1;9995;23;;;10004;1;10005;23;;;10000.0;918.0
-2;69900;AMETHYSTS;9996;2;9995;27;;;10004;2;10005;27;;;10000.0;918.0
-2;69900;STARFRUIT;4985;2;4984;27;;;4991;29;;;;;4988.0;249.296875
-2;70000;AMETHYSTS;9996;2;9995;27;;;10004;2;10005;27;;;10000.0;918.0
-2;70000;STARFRUIT;4985;2;4984;27;;;4991;29;;;;;4988.0;248.234375
-2;70100;AMETHYSTS;9996;2;9995;22;;;10004;2;10005;22;;;10000.0;918.0
-2;70100;STARFRUIT;4984;24;;;;;4985;1;4991;24;;;4984.5;253.2109375
-2;70200;STARFRUIT;4985;22;;;;;4991;1;4992;21;;;4988.0;242.71875
-2;70200;AMETHYSTS;9996;1;9995;21;;;10004;1;10005;21;;;10000.0;918.0
-2;70300;AMETHYSTS;9996;1;9995;25;;;9998;2;10004;1;10005;25;9997.0;918.0
-2;70300;STARFRUIT;4985;26;;;;;4992;26;;;;;4988.5;230.2734375
-2;70400;AMETHYSTS;9995;26;;;;;10005;26;;;;;10000.0;922.0
-2;70400;STARFRUIT;4984;26;;;;;4989;6;4991;26;;;4986.5;247.78125
-2;70500;AMETHYSTS;9995;23;;;;;10000;3;10005;23;;;9997.5;922.0
-2;70500;STARFRUIT;4984;23;;;;;4987;3;4989;3;4991;23;4985.5;247.7265625
-2;70600;STARFRUIT;4985;6;4984;28;;;4991;28;;;;;4988.0;253.390625
-2;70600;AMETHYSTS;9996;1;9995;27;;;10004;1;10005;27;;;10000.0;922.0
-2;70700;AMETHYSTS;9995;26;;;;;10005;26;;;;;10000.0;922.0
-2;70700;STARFRUIT;4983;26;;;;;4990;26;;;;;4986.5;274.125
-2;70800;AMETHYSTS;10002;1;9995;27;;;10005;27;;;;;10003.5;922.0
-2;70800;STARFRUIT;4983;27;;;;;4984;1;4990;27;;;4983.5;270.8671875
-2;70900;AMETHYSTS;9996;2;9995;30;;;10004;2;10005;30;;;10000.0;924.0
-2;70900;STARFRUIT;4983;32;;;;;4990;32;;;;;4986.5;275.8125
-2;71000;STARFRUIT;4983;30;;;;;4990;30;;;;;4986.5;278.8125
-2;71000;AMETHYSTS;9996;1;9995;29;;;10002;5;10004;1;10005;29;9999.0;924.0
-2;71100;AMETHYSTS;9998;9;9996;1;9995;21;10004;1;10005;21;;;10001.0;924.0
-2;71100;STARFRUIT;4983;22;;;;;4989;1;4990;21;;;4986.0;284.0
-2;71200;AMETHYSTS;10002;1;9996;1;9995;28;10004;1;10005;28;;;10003.0;924.0
-2;71200;STARFRUIT;4983;28;;;;;4990;29;;;;;4986.5;275.3828125
-2;71300;AMETHYSTS;9996;2;9995;26;;;10002;4;10004;2;10005;26;9999.0;926.0
-2;71300;STARFRUIT;4984;2;4983;26;;;4988;4;4990;28;;;4986.0;265.546875
-2;71400;STARFRUIT;4984;26;;;;;4990;2;4991;24;;;4987.0;263.359375
-2;71400;AMETHYSTS;9996;2;9995;24;;;10002;3;10004;2;10005;24;9999.0;926.0
-2;71500;AMETHYSTS;10002;1;9996;2;9995;26;10004;2;10005;26;;;10003.0;926.0
-2;71500;STARFRUIT;4984;28;;;;;4985;3;4991;28;;;4984.5;257.875
-2;71600;AMETHYSTS;9996;1;9995;27;;;9998;3;10004;1;10005;27;9997.0;928.0
-2;71600;STARFRUIT;4984;28;;;;;4991;28;;;;;4987.5;258.78125
-2;71700;AMETHYSTS;9996;2;9995;29;;;10004;2;10005;29;;;10000.0;934.0
-2;71700;STARFRUIT;4984;31;;;;;4989;4;4991;31;;;4986.5;257.6875
-2;71800;STARFRUIT;4984;27;;;;;4990;2;4991;25;;;4987.0;263.59375
-2;71800;AMETHYSTS;10002;1;9996;2;9995;25;10004;2;10005;25;;;10003.0;934.0
-2;71900;AMETHYSTS;10002;1;9996;1;9995;25;10004;1;10005;25;;;10003.0;936.0
-2;71900;STARFRUIT;4984;26;;;;;4990;1;4991;25;;;4987.0;263.34375
-2;72000;AMETHYSTS;9996;1;9995;20;;;10004;1;10005;20;;;10000.0;938.0
-2;72000;STARFRUIT;4984;1;4983;20;;;4988;6;4990;21;;;4986.0;269.0234375
-2;72100;AMETHYSTS;9995;21;;;;;10005;21;;;;;10000.0;938.0
-2;72100;STARFRUIT;4983;21;;;;;4988;5;4990;21;;;4985.5;266.078125
-2;72200;STARFRUIT;4988;3;4984;31;;;4991;31;;;;;4989.5;259.515625
-2;72200;AMETHYSTS;9996;2;9995;29;;;10004;2;10005;29;;;10000.0;938.0
-2;72300;STARFRUIT;4984;23;;;;;4991;23;;;;;4987.5;257.0625
-2;72300;AMETHYSTS;9996;1;9995;22;;;10002;8;10004;1;10005;22;9999.0;938.0
-2;72400;AMETHYSTS;10002;1;9996;2;9995;20;10004;2;10005;20;;;10003.0;938.0
-2;72400;STARFRUIT;4985;2;4984;20;;;4989;6;4991;22;;;4987.0;247.6640625
-2;72500;STARFRUIT;4986;9;4985;25;;;4992;27;;;;;4989.0;226.2890625
-2;72500;AMETHYSTS;9996;2;9995;25;;;10004;2;10005;25;;;10000.0;940.0
-2;72600;STARFRUIT;4986;2;4985;29;;;4991;2;4992;27;;;4988.5;243.0546875
-2;72600;AMETHYSTS;9996;2;9995;27;;;10004;2;10005;27;;;10000.0;940.0
-2;72700;STARFRUIT;4985;23;;;;;4992;23;;;;;4988.5;242.9609375
-2;72700;AMETHYSTS;9995;23;;;;;10005;23;;;;;10000.0;940.0
-2;72800;AMETHYSTS;9995;20;;;;;10005;20;;;;;10000.0;940.0
-2;72800;STARFRUIT;4984;20;;;;;4991;20;;;;;4987.5;247.5
-2;72900;STARFRUIT;4984;24;;;;;4991;24;;;;;4987.5;251.140625
-2;72900;AMETHYSTS;9998;1;9996;2;9995;22;10004;2;10005;22;;;10001.0;940.0
-2;73000;STARFRUIT;4984;21;;;;;4989;2;4990;1;4991;21;4986.5;261.953125
-2;73000;AMETHYSTS;9996;1;9995;21;;;10002;7;10004;1;10005;21;9999.0;940.0
-2;73100;STARFRUIT;4984;31;;;;;4990;2;4991;29;;;4987.0;261.5546875
-2;73100;AMETHYSTS;9996;2;9995;29;;;10002;3;10004;2;10005;29;9999.0;940.0
-2;73200;AMETHYSTS;9995;21;;;;;10005;21;;;;;10000.0;940.0
-2;73200;STARFRUIT;4984;21;;;;;4991;21;;;;;4987.5;263.625
-2;73300;STARFRUIT;4984;1;4983;29;;;4990;30;;;;;4987.0;268.671875
-2;73300;AMETHYSTS;9996;1;9995;29;;;10004;1;10005;29;;;10000.0;940.0
-2;73400;STARFRUIT;4983;30;;;;;4988;4;4990;30;;;4985.5;270.703125
-2;73400;AMETHYSTS;9995;30;;;;;9998;1;10005;30;;;9996.5;940.0
-2;73500;STARFRUIT;4983;25;;;;;4990;25;;;;;4986.5;275.4296875
-2;73500;AMETHYSTS;9996;2;9995;23;;;10004;2;10005;23;;;10000.0;942.0
-2;73600;AMETHYSTS;9996;1;9995;24;;;10004;1;10005;24;;;10000.0;942.0
-2;73600;STARFRUIT;4982;25;;;;;4989;25;;;;;4985.5;294.0625
-2;73700;STARFRUIT;4982;24;;;;;4989;24;;;;;4985.5;285.515625
-2;73700;AMETHYSTS;9995;24;;;;;10005;24;;;;;10000.0;942.0
-2;73800;STARFRUIT;4982;24;;;;;4987;5;4989;24;;;4984.5;287.953125
-2;73800;AMETHYSTS;9995;24;;;;;10005;24;;;;;10000.0;942.0
-2;73900;STARFRUIT;4982;30;;;;;4983;3;4989;30;;;4982.5;295.5078125
-2;73900;AMETHYSTS;9995;30;;;;;10005;30;;;;;10000.0;942.0
-2;74000;AMETHYSTS;10002;1;9998;10;9996;2;10004;2;10005;24;;;10003.0;942.0
-2;74000;STARFRUIT;4982;26;;;;;4987;3;4989;26;;;4984.5;293.0859375
-2;74100;STARFRUIT;4985;6;4982;32;;;4989;32;;;;;4987.0;298.3671875
-2;74100;AMETHYSTS;10000;6;9996;2;9995;30;10004;2;10005;30;;;10002.0;944.0
-2;74200;STARFRUIT;4981;22;;;;;4988;22;;;;;4984.5;315.65625
-2;74200;AMETHYSTS;9996;2;9995;20;;;10002;6;10004;2;10005;20;9999.0;944.0
-2;74300;STARFRUIT;4982;7;4981;30;;;4988;32;;;;;4985.0;308.625
-2;74300;AMETHYSTS;9996;2;9995;30;;;10002;6;10004;2;10005;30;9999.0;944.0
-2;74400;AMETHYSTS;9995;30;;;;;10005;30;;;;;10000.0;944.0
-2;74400;STARFRUIT;4981;30;;;;;4988;30;;;;;4984.5;321.9609375
-2;74500;STARFRUIT;4984;3;4981;29;;;4988;29;;;;;4986.0;323.7109375
-2;74500;AMETHYSTS;10000;3;9995;29;;;10005;29;;;;;10002.5;944.0
-2;74600;STARFRUIT;4981;29;;;;;4988;29;;;;;4984.5;322.7734375
-2;74600;AMETHYSTS;10002;1;9998;7;9995;29;10005;29;;;;;10003.5;944.0
-2;74700;STARFRUIT;4981;32;;;;;4988;32;;;;;4984.5;312.0703125
-2;74700;AMETHYSTS;9996;2;9995;30;;;10004;2;10005;30;;;10000.0;946.0
-2;74800;AMETHYSTS;9998;9;9996;1;9995;25;10004;1;10005;25;;;10001.0;946.0
-2;74800;STARFRUIT;4982;26;;;;;4988;1;4989;25;;;4985.0;302.625
-2;74900;STARFRUIT;4982;31;;;;;4988;1;4989;30;;;4985.0;301.328125
-2;74900;AMETHYSTS;10002;1;9996;1;9995;30;10004;1;10005;30;;;10003.0;946.0
-2;75000;STARFRUIT;4987;1;4981;27;;;4988;27;;;;;4987.5;307.4140625
-2;75000;AMETHYSTS;9995;27;;;;;9998;1;10005;27;;;9996.5;948.0
-2;75100;STARFRUIT;4981;30;;;;;4988;30;;;;;4984.5;310.734375
-2;75100;AMETHYSTS;9995;30;;;;;10005;30;;;;;10000.0;968.0
-2;75200;AMETHYSTS;9998;2;9996;2;9995;24;10004;2;10005;24;;;10001.0;968.0
-2;75200;STARFRUIT;4986;3;4982;26;;;4988;2;4989;24;;;4987.0;302.1015625
-2;75300;STARFRUIT;4983;1;4982;28;;;4989;29;;;;;4986.0;287.9296875
-2;75300;AMETHYSTS;9996;1;9995;28;;;10004;1;10005;28;;;10000.0;968.0
-2;75400;STARFRUIT;4983;31;;;;;4989;1;4990;30;;;4986.0;283.625
-2;75400;AMETHYSTS;9996;1;9995;30;;;10004;1;10005;30;;;10000.0;968.0
-2;75500;STARFRUIT;4983;6;4982;28;;;4989;30;;;;;4986.0;288.7578125
-2;75500;AMETHYSTS;9996;2;9995;28;;;10004;2;10005;28;;;10000.0;968.0
-2;75600;AMETHYSTS;10002;1;9996;2;9995;26;10004;2;10005;26;;;10003.0;972.0
-2;75600;STARFRUIT;4983;28;;;;;4989;2;4990;26;;;4986.0;280.59375
-2;75700;STARFRUIT;4983;27;;;;;4988;3;4989;1;4990;26;4985.5;283.59375
-2;75700;AMETHYSTS;9996;1;9995;26;;;10004;1;10005;26;;;10000.0;974.0
-2;75800;STARFRUIT;4983;1;4982;29;;;4989;30;;;;;4986.0;286.859375
-2;75800;AMETHYSTS;9998;5;9996;1;9995;29;10004;1;10005;29;;;10001.0;974.0
-2;75900;STARFRUIT;4982;21;;;;;4989;21;;;;;4985.5;289.078125
-2;75900;AMETHYSTS;9995;21;;;;;10002;8;10005;21;;;9998.5;974.0
-2;76000;AMETHYSTS;9998;2;9996;2;9995;30;10004;2;10005;30;;;10001.0;974.0
